2436 3176
1141 151 1255 246 ‚2

245 336 365 393 ejus,
386 334 509 393 quod
538 334 638 392 ipse
667 342 854 380 secutus
884 340 969 390 est,
996 334 1234 379 consilium
1261 333 1530 378 observetur
1557 341 1603 379 et
1631 341 1736 380 ante
1763 336 1923 381 oculos
1949 339 2175 396 ponatur‘l

245 403 402 447 Sensit
439 402 621 460 quidem
658 401 748 448 hoc
783 417 929 462 nuper
964 402 1111 448 editor
1146 400 1365 460 Aeschyli
1405 400 1708 448 Eumenidum
1734 402 1792 448 K.
1822 403 1878 448 Ο.
1908 405 2176 462 Muellerus,

241 469 389 515 falsus
427 477 499 515 est
534 478 688 515 tamen
724 471 799 515 vir
836 471 1129 517 doctissimus
1168 484 1271 515 cum
1308 467 1358 514 in
1386 469 1515 525 aliis,
1555 477 1651 516 tum
1677 471 1727 521 in
1752 473 1924 530 parodo
1956 466 2174 530 constitu-

242 539 374 584 enda.
433 537 563 590 Quae
592 553 730 598 quum
758 539 823 585 ita
851 540 968 596 sint,
1003 552 1179 601 operae
1197 538 1390 599 pretium
1416 539 1599 585 videtur
1616 539 1740 587 hunc
1757 540 1907 588 locum
1929 537 2097 588 iterum
2125 544 2174 588 in

243 608 554 663 quaestionem
581 621 751 651 vocare
778 615 825 651 et
852 609 917 651 ita
941 615 1202 662 retractare,
1230 616 1284 651 ut
1311 622 1368 652 ea
1394 608 1471 651 lex
1498 609 1765 664 reperiatur,
1798 623 1890 668 qua
1916 624 2010 654 non
2026 611 2174 655 unius

241 675 515 730 alteriusve,
555 676 639 721 sed
661 676 894 731 omnium,
935 690 1054 734 quae
1081 676 1342 733 supersunt,
1372 676 1707 734 tragoediarum
1734 685 1889 735 partes
1918 677 2095 724 definiri
2128 686 2174 724 et

240 742 435 787 stabiliri
457 744 656 801 possint.
714 743 874 801 Neque
903 751 1054 789 tamen
1080 756 1138 788 ea
1164 756 1241 789 res
1267 757 1362 789 non
1390 750 1461 788 est
1489 744 1629 788 dubia
1654 751 1701 789 et
1727 745 1965 803 impedita,
1996 754 2172 805 propte-

238 826 320 856 rea
347 812 472 868 quod
509 812 631 855 omni
660 810 756 856 fere
783 818 990 856 veterum
1030 812 1088 856 de
1125 810 1214 857 hac
1260 827 1312 857 re
1357 813 1618 858 testimonio
1657 813 1861 858 destituti
1901 827 2086 868 sumus,
2127 823 2173 863 et

236 879 380 924 verba
407 877 697 934 Aristotelis,
728 879 789 924 ad
817 885 951 938 quem
978 894 1120 925 unum
1146 880 1462 939 refugiendum
1488 887 1584 935 est,
1615 886 1660 925 et
1687 880 1910 932 brevitate
1936 887 1983 925 et
2010 882 2172 927 obscu-

235 949 371 992 ritate
397 947 621 992 laborant.
682 946 860 998 Quodsi
898 947 1031 992 nobis
1069 949 1118 992 in
1155 949 1306 993 animo·
1334 955 1432 1002 est,
1471 963 1588 1007 quae
1616 949 1664 993 in
1691 948 1779 993 hac
1804 948 2036 1006 literarum
2065 950 2173 994 soli-

236 1017 395 1062 tudine
430 1030 514 1074 pro
553 1015 730 1061 viribus
768 1015 938 1060 nostris
976 1023 1023 1061 et
1058 1014 1276 1061 facultate
1313 1017 1553 1075 cogitando
1581 1015 1877 1070 effecerimus,
1925 1030 2027 1061 cum
2055 1017 2171 1062 viris

236 1087 384 1146 doctis
414 1084 772 1145 ‚communicare
786 1116 803 1141 ,
860 1099 954 1130 non
1010 1092 1102 1130 tam
1156 1085 1206 1130 id
1262 1092 1519 1144 spectamus
1534 1117 1549 1140 ,
1604 1092 1657 1130 ut
1708 1098 1808 1130 rem
1863 1084 2170 1140 absolvamus,

236 1167 374 1212 quam
420 1160 472 1197 ut
517 1153 740 1198 nonnulla
754 1184 770 1208 ,
811 1152 1038 1199 delineata
1073 1153 1220 1212 magis
1259 1166 1396 1213 quam
1442 1154 1626 1211 copiose
1672 1152 1913 1211 explanata
1927 1184 1942 1208 ,
1983 1154 2031 1197 in
2077 1167 2169 1198 me—

157 1262 160 1264 ,
235 1224 359 1268 dium
398 1213 708 1281 proferamus,
750 1236 867 1281 quae
906 1222 1009 1278 alii,
1050 1223 1092 1268 si
1128 1222 1380 1282 placuerit,
1425 1223 1686 1268 examinare
1733 1229 1780 1267 et
1816 1222 1864 1267 in
1899 1236 1994 1267 rem
2040 1235 2170 1268 suam

233 1291 413 1350 possint
441 1297 720 1337 convertere.

370 1529 635 1577 Aristotelis
674 1530 764 1588 (de
791 1535 891 1575 arte
917 1530 1100 1589 poetica
1127 1542 1200 1587 cp.
1228 1528 1361 1587 XII.)
1399 1527 1557 1584 locus,
1598 1540 1689 1587 quo
1727 1528 1972 1587 disputatio
2009 1536 2169 1577 nostra

230 1600 407 1655 nititur,
435 1608 509 1644 est
534 1599 632 1643 hio:
663 1596 782 1642 κατὰ
807 1596 862 1643 τὸ
891 1594 1071 1651 πόσον,
1098 1601 1176 1642 καὶ
1204 1597 1270 1647 εἷς
1298 1594 1331 1641 ἃ
1359 1596 1600 1657 διαιρεῖται
1633 1597 1921 1656 (τραγῳδία)
1961 1611 2168 1657 nexuque·

230 1674 373 1727 μένα,
400 1665 513 1713 τάδε
541 1667 655 1712 ἔστί.
682 1663 931 1726 πρόλογος)
958 1663 1243 1720 ἐπεισόδιον,
1273 1663 1450 1719 ἔξοδος,
1478 1662 1672 1724 χορικόν.
1703 1669 1778 1708 καὶ
1808 1661 1974 1719 τούτου
2002 1664 2055 1711 τὸ
2082 1669 2169 1722 μὲν

231 1734 459 1797 πάροδος,
497 1733 552 1780 τὸ
582 1736 634 1780 δὲ
660 1729 913 1792 στάσιμονῖ
940 1733 1075 1779 κοινὰ
1102 1737 1194 1793 μὲν.
1215 1728 1300 1779 οὖν
1330 1727 1553 1779 ἁπάντων
1580 1734 1743 1777 ταῦτα.
1775 1733 1872 1777 ἴδια
1902 1733 1953 1777 δὲ
1979 1732 2039 1778 τὰ
2068 1730 2166 1779 dm?

230 1807 310 1864 τῆς
348 1804 538 1862 σκηνῆς,
558 1807 654 1847 καὶ
691 1798 869 1859 κόμμοι.
911 1801 1011 1847 ἔπι
1049 1803 1101 1848 δὲ
1137 1797 1360 1861 πρόλογος
1395 1804 1481 1860 μὲν
1517 1803 1651 1860 μέρος
1689 1797 1798 1845 ολον
1835 1801 2085 1860 τραγῳδίας
2110 1799 2166 1846 τὸ

230 1872 320 1933 πρὸ
352 1874 492 1932 χοροῦ
521 1867 744 1931 παροδον.
784 1866 1050 1918 ἐπεισόδιον
1086 1871 1138 1916 δὲ
1173 1873 1305 1930 μέρος
1335 1867 1445 1916 ολον
1471 1869 1747 1951 τραγῳδίαςὲ
1767 1866 1821 1913 τὸ
1836 1867 2018 1927 μεταξὺ
2045 1867 2167 1927 ὅλων

229 1943 423 2002 χορικῶν
459 1940 623 1998 μελῶγ.
664 1938 816 1994 ἔξοδος
853 1940 904 1986 δὲ
941 1941 1074 1999 μέρος
1096 1936 1223 1985 ὅλον
1257 1938 1533 1999 τραγωδίας,
1564 1931 1675 1995 μεθ’
1717 1953 1743 1981 ο
1784 1932 1865 1982 οὔκ
1899 1935 1997 1982 ἔστι
2023 1939 2165 1996 χοροῦ

225 2013 374 2070 μέλος.
419 2010 600 2068 χορικοῦ
638 2008 690 2053 δὲ
725 2004 928 2067 πάροδος
961 2012 1048 2066 μὲν
1085 2002 1112 2066 ἢ
1147 2004 1303 2067 πρότη
1340 2009 1456 2062 λέξις
1494 2004 1605 2051 ὅλου
1645 2006 1801 2067 χοροῦ.
1847 2000 2072 2062 στάσιμον
2113 2005 2165 2050 δὲ

227 2081 360 2137 μέλος
397 2079 562 2137 χοροῦ,
598 2075 654 2121 τὸ
693 2092 806 2122 ανευ
837 2072 1133 2122 αναπαιοτου
1160 2081 1237 2121 καὶ
1272 2078 1507 2136 τροχαίου.
1546 2070 1714 2131 κόμμος
1742 2073 1793 2118 δὲ
1822 2073 1990 2132 θρῆνος
2015 2071 2165 2123 κοινὸς

228 2148 367 2206 χοροῦ
405 2150 482 2190 καὶ
517 2141 615 2189 ἀπὸ
654 2145 831 2202 σκηνῆς.
892 2144 1072 2196 Quibus
1109 2158 1170 2191 ex
1206 2144 1386 2197 verbis
1391 2144 1434 2188 si
1461 2142 1669 2201 singulas
1697 2148 1867 2199 partes
1879 2142 1945 2186 ita
1973 2139 2163 2187 definire

227 2216 449 2270 volueris,
479 2222 531 2258 ut
558 2214 607 2257 in
635 2228 794 2259 omnes
821 2212 1003 2260 fabulas
1031 2214 1269 2273 quadrent,
1291 2213 1391 2271 jam
1419 2211 1571 2256 statim
1599 2209 1802 2264 offendes
1830 2211 1878 2254 in
1916 2207 2162 2267 prologo

226 2284 562 2339 constituendo,
585 2294 719 2341 quem
745 2281 1049 2341 philosophus
1076 2281 1301 2341 explicat-2>
1327 2282 1548 2340 integram
1567 2279 1827 2338 tragoediae
1854 2284 2029 2336 partem
2056 2284 2171 2327 ante,

224 2355 451 2413 parodum
485 2352 538 2409 ι).
597 2351 702 2394 Non
729 2351 850 2395 enim
877 2358 969 2396 tam
997 2352 1055 2395 de
1080 2352 1202 2405 loco,
1230 2351 1311 2408 qui
1336 2351 1496 2395 varius
1522 2356 1595 2394 est
1620 2356 1668 2393 et
1693 2349 1910 2401 incertuS,
1940 2359 2075 2405 quam
2104 2346 2162 2390 de

224 2431 390 2470 natura
427 2427 473 2465 et
510 2418 665 2464 indole
705 2417 885 2478 prologi
928 2426 1001 2465 est
1036 2417 1358 2477 quaerendum.
1418 2416 1566 2469 Quem
1608 2429 1747 2479 quum
1788 2415 1837 2461 in
1877 2428 1983 2461 eum
2024 2426 2161 2460 usum

223 2493 462 2537 inventum
489 2500 595 2532 esse
623 2494 865 2546 appareat,
904 2494 957 2532 ut
993 2487 1255 2546 tragoediae
1282 2493 1508 2547 tamquam
1534 2484 1741 2543 prolusio
1776 2490 1926 2538 esset,
1964 2494 2057 2540 qua
2075 2538 2077 2541 ξ
2092 2481 2159 2526 in·

219 2568 399 2620 „struem
434 2557 591 2604 fabula
627 2557 807 2616 agenda
839 2555 1023 2604 facilius
1058 2557 1322 2615 rectiusque
1362 2571 1394 2602 a
1434 2554 1768 2614 spectatoribus
1809 2550 2157 2648 perspiceretur,

374 2721 479 2778 ²)ef.
512 2728 591 2765 vita
599 2727 820 2843 pigi-iatoph.
854 2740 891 2778 p
921 2727 1023 2766 xlv,
1055 2719 1196 2767 Kuoets
1225 2712 1446 2776 πρόλογος
1482 2715 1537 2759 τὸ
1576 2716 1707 2771 μέχρι
1743 2712 1821 2768 τῆς
1855 2706 2037 2756 &eddon
2072 2711 2156 2755 τοῦ

432 2786 571 2844 χοροῦ
656 2801 731 2843 ρος
