2436 3176
1104 189 1127 250 ,ἱ
1178 164 1214 219 5

238 327 409 373 Phocis
418 322 599 384 valo»
619 332 664 370 et
677 324 784 383 quia
802 323 1046 369 canebatur
1058 324 1272 381 perudus,
1293 322 1459 381 quippe
1478 334 1595 381 quae
1615 323 1898 368 contineatur
1910 324 2087 383 χορικῷ,
2111 332 2155 367 et

236 401 419 454 propter
429 395 569 440 verba
577 393 729 440 statim
738 392 974 452 sequentia
984 388 1091 436 ὅλου
1106 388 1395 450 xcipov,‘quod
1404 389 1645 436 choreutas
1659 390 1796 446 simul
1809 404 1967 439 omnes
1978 391 2156 436 locutos

236 465 425 521 esse‚ab
436 464 560 510 omni
568 460 1204 512 ⁴verisimilitudineabhorret.
1232 460 1328 505 Vix
1340 461 1460 506 enim
1475 459 1675 516 dubium,
1688 461 1798 519 quin
1810 460 1883 505 his
1901 459 2017 518 ipsis
2030 460 2158 504 voci·

235 533 324 578 bus
338 529 445 577 ὅλου
459 531 598 590 χοροῦ
605 528 793 575 ‘adillud
808 528 940 574 κοινὰ
948 523 1171 574 ἁπάντων
1183 528 1451 586 respiciatur
1466 534 1515 572 et
1531 529 1732 586 parodus
1749 527 1891 573 totius
1910 527 2035 572 chori
2051 540 2156 571 con-

237 601 389 646 centui
404 602 642 653 stibnai-ur,
661 598 752 642 nisi
779 600 883 655 quis
896 598 1017 648 ,forte
1034 598 1176 642 mirae
1195 596 1252 641 G.
1273 597 1332 644 C.
1346 597 1421 641 W.
1433 596 1699 642 Schneideri
1716 597 1920 654 opinioni
1937 596 2156 653 accedere

234 667 361 713 malit
376 666 606 729 censentis
626 666 698 724 (in
714 665 854 711 libroz
883 666 972 712 das
986 664 1175 711 attiscbe
1189 663 1533 710 Theaterwesen
1550 680 1594 724 p.
1607 664 1733 723 203),
1756 664 1879 724 quod
1896 664 2065 710 chorus
2083 678 2155 707 or·

237 736 459 781 chesnam
486 735 721 793 ingressus
748 736 798 781 in
825 733 1102 780 semichoros
1130 734 1365 780 discedere
1386 734 1569 789 soleret,
1598 734 1647 779 id
1673 733 1767 778 illis
1792 734 1946 779 verbis
1973 728 2151 778 inesse:

234 802 453 860 parodum
465 817 495 847 a
509 804 646 848 choro
660 804 834 860 integro
847 803 1045 848 nondum
1059 804 1109 848 in
1122 803 1239 848 duas
1252 810 1403 859 partes
1418 803 1567 848 diviso
1581 809 1805 847 cantatam
1817 816 1938 847 esse·
1967 801 2070 848 Jam
2084 802 2153 846 sic

236 878 518 929 comparatas
546 885 649 917 esse
676 872 872 931 parodos
900 879 1252 929 consentaneum
1285 878 1371 926 est,
1401 878 1454 916 ut
1480 884 1645 932 neque*
1663 869 1809 916 forma
1834 883 1982 930 neque
1997 907 2000 909 Α
2017 883 2151 928 argu-

234 946 385 983 mento
414 940 576 984 cantici
606 940 848 996 singularis
877 941 1074 995 speciem
1098 952 1208 997 prae
1235 953 1288 983 se
1318 939 1478 983 ferant.
1535 939 1704 994 Quare,
1734 946 1786 982 ut
1812 952 1956 982 unum
1992 939 2150 982 affera-

234 1021 352 1062 mus,
382 1007 632 1063 sententias
658 1007 706 1051 id
732 1006 911 1067 generis
937 1008 1172 1065 respuent3*
1196 1020 1316 1065 quae
1352 1006 1480 1051 chori
1509 1007 1769 1052 contineant
1805 1006 2148 1058 dubitationem,

235 1076 570 1129 dissentionem,
600 1075 954 1132 trepidationem,
986 1083 1193 1133 quaeque
1220 1075 1312 1120 alia
1338 1082 1460 1129 sunt,
1492 1087 1550 1119 ex
1569 1075 1734 1132 quibus
1753 1075 1966 1119 carminis
1997 1076 2149 1119 distri-

235 1145 418 1188 butione
444 1144 492 1187 in
521 1143 727 1201 singulas
765 1143 1079 1188 choreutarum
1115 1157 1255 1188 voees
1293 1157 1408 1201 opus
1444 1144 1655 1198 videatur
1682 1144 1751 1200 ⁴),
1778 1156 1927 1201 neque
1963 1156 2021 1188 ea
2058 1156 2149 1187 me-

233 1221 404 1257 trorum
431 1223 599 1270 genera
634 1211 716 1269 (ut
751 1218 999 1270 systemata
1036 1209 1082 1264 ἐξ
1120 1205 1318 1270 ὁμοίων)
1356 1212 1602 1267 admittent,
1643 1224 1732 1271 que
1769 1217 1950 1256 constat
1986 1212 2151 1269 integri

234 1281 362 1325 chori
390 1281 541 1325 cantui
568 1281 720 1324 minus
747 1281 1003 1326 convenire.
1067 1280 1152 1324 His
1188 1280 1445 1325 constitutis
1472 1279 1605 1325 facile
1642 1281 1908 1341 apparebit„
1928 1280 2150 1324 absonum

233 1362 340 1394 esse
366 1362 522 1393 eorum
542 1348 785 1407 Judicium‚
807 1351 894 1407 qui
922 1355 1137 1405 statuant,
1169 1362 1198 1391 a
1225 1349 1382 1406 primis
1410 1348 1665 1406 quibusque
1692 1348 1818 1392 chori
1845 1347 2148 1406 (orchestram

232 1417 546 1473 ingredientis)
574 1417 728 1461 verbis
756 1418 953 1475 incipere
980 1418 1215 1474 paredum.
1273 1417 1407 1470 Haud
1425 1430 1529 1460 raro
1557 1417 1677 1460 enim
1703 1429 1759 1459 ea
1787 1416 1967 1460 demum
1992 1416 2149 1459 multis

232 1484 335 1528 aliis
364 1485 557 1530 canticis
578 1486 839 1541 praemissis
865 1485 1225 1543 deprehenditur.
1282 1483 1429 1544 Cujus
1457 1486 1525 1529 rei
1557 1483 1811 1542 exemplum
1847 1484 2151 1530 certissimum

231 1559 303 1595 est
330 1552 379 1594 in
404 1551 546 1609 Soph.
569 1551 669 1595 Oed
697 1551 797 1596 Col.
813 1565 871 1595 ν.
898 1553 987 1606 669
1004 1566 1105 1610 sqq.
1136 1552 1216 1610 (cf.
1236 1552 1357 1597 Plut.
1387 1566 1447 1596 an
1475 1553 1574 1597 seni
1601 1560 1686 1597 etc.
1716 1566 1788 1611 cp.
1816 1552 1885 1611 3).
1915 1553 2013 1610 ‚lna
2039 1566 2150 1596 vero

231 1620 422 1682 cantica,
452 1633 569 1676 quae
598 1620 766 1675 parodo
794 1615 1085 1677 praecedunt,
1113 1631 1252 1677 quum
1280 1629 1442 1666 cantus
1476 1621 1724 1679 singularis
1752 1622 1920 1666 indicia
1955 1622 2150 1666 habeant

229 1687 483 1742 manifesta,
512 1701 594 1745 pro
623 1694 786 1732 natura
812 1695 913 1733 sua'
926 1688 1093 1733 actioni
1120 1695 1228 1733 sunt
1247 1689 1561 1745 adtribuenda,
1582 1689 1735 1749 itaque
1754 1697 1929 1748 partem
1947 1689 2152 1737 efficiunt

230 1756 407 1813 prologi
445 1763 524 1800 aut
549 1756 682 1813 primi
719 1756 926 1813 episodii.
992 1757 1151 1814 Neque
1187 1757 1309 1809 enim
1345 1754 1433 1801 hac
1469 1758 1519 1801 in
1555 1769 1608 1800 re
1642 1758 1990 1801 scholiastarum
2026 1761 2151 1802 testi-

230 1825 395 1869 moniis
423 1824 537 1869 fides
575 1831 647 1869 est
673 1823 904 1883 habenda,
943 1825 1046 1883 qui,
1085 1824 1343 1883 ubicunque
1379 1824 1518 1883 hujus
1554 1825 1622 1870 rei
1649 1825 1923 1870 mentionem
1958 1824 2149 1881 faciunt,

232 1895 279 1939 id
317 1906 497 1938 carmen
533 1899 792 1938 constanter
837 1900 1005 1939 vocant
1042 1895 1285 1951 parodum‚
1336 1893 1458 1952 quod
1501 1895 1558 1939 ab
1595 1894 1868 1952 ingredienti
1906 1894 2045 1940 choro
2084 1897 2148 1939 sit

231 1969 457 2007 cantatum
486 1960 566 2018 (cf.
596 1955 740 2020 schol.
767 1964 827 2007 ad
854 1963 962 2007 Eur.
993 1962 1145 2008 Orest.
1172 1977 1218 2007 v.
1250 1963 1378 2016 1110,
1408 1962 1470 2006 ad·
1494 1962 1603 2005 Eur.
1642 1962 1813 2007 Phoen.
1851 1963 1956 2022 210,
1993 1972 2040 2008 et
2066 1965 2149 2022 hy-

229 2031 354 2089 poth.
385 2030 456 2075 ad·
472 2029 638 2074 Aesch.
666 2030 836 2089 Eum).
865 2031 989 2083 Quin
1014 2032 1152 2077 etiam
1177 2031 1329 2075 locum
1357 2030 1588 2076 Plutarchi
1617 2031 1666 2075 in
1692 2030 1934 2090 Lysandro
1972 2046 2042 2090 cp.
2074 2034 2146 2087 15,

230 2115 321 2157 quo
349 2112 528 2144 carmen
555 2099 664 2143 Eur.
681 2098 836 2145 *Elect
864 2114 911 2144 v.
939 2100 1026 2144 167
1053 2115 1152 2158 sqq.
1182 2101 1437 2156 nominatur
1464 2100 1680 2157 parodus,
1709 2100 2008 2158 rejiciendum
2033 2110 2147 2158 puto

229 2169 337 2229 quia
363 2181 509 2228 neque
527 2168 669 2214 ‘alteri
696 2167 952 2214 testimonio
982 2168 1187 2228 ejusdem
1214 2168 1451 2227 scriptoris
1482 2168 1563 2227 (an
1592 2167 1692 2212 seni
1721 2180 1793 2226 cp.
1821 2167 1875 2227 3)
1914 2171 2144 2225 convenit,

228 2247 276 2282 et·
301 2238 563 2282 Aristotelis
588 2235 742 2282 ‘verbis
770 2238 950 2281 videtur
977 2244 1246 2300 repugnare.
1301 2237 1455 2281 Facile
1482 2244 1632 2281 autem
1658 2245 1731 2286 est
1757 2237 2005 2290 intellectu,
2023 2241 2146 2283 unde

228 2318 470 2366 perversae
496 2304 602 2350 illae
630 2305 688 2349 de
715 2304 887 2364 paredo
912 2304 1154 2365 opiniones
1174 2304 1275 2367 ‘sint
1310 2311 1522 2361 exortae,
1553 2310 1599 2349 et
1626 2318 1718 2363 quo
1757 2301 1929 2349 sactum
1966 2306 2053 2362 sit,‘
2093 2316 2146 2350 ut

145 2394 161 2401 ”
229 2389 339 2421 vera
364 2377 466 2433 ejus
492 2376 618 2419 notio
637 2375 966 2424 obscuraretun
996 2374 1147 2430 Quum
1164 2374 1284 2418 enim
1300 2374 1349 2417 id
1374 2386 1555 2418 carmen
1572 2388 1603 2418 a
1621 2374 1746 2418 chori
1765 2388 1847 2430 per
1865 2374 2147 2428 orchestram

227 2444 437 2498 transitu,
458 2442 536 2500 qui
563 2449 610 2487 et
637 2442 736 2499 ipse
764 2442 928 2487 dicitur
954 2438 1170 2501 πάροδος,
1187 2455 1352 2486 nomen
1370 2441 1607 2500 acceperit,
1628 2442 1733 2486 inde
1759 2442 1848 2487 hoc
1866 2436 2002 2496 idem,
2021 2446 2147 2502 quod

229 2526 370 2570 supra
405 2511 877 2565 commemoravimuS,
916 2512 1142 2570 conjicere
1177 2510 1298 2565 licet,
1328 2512 1540 2568 antiquos
1566 2514 1726 2568 poetas
1754 2511 1953 2567 tragicos
1981 2512 2146 2557 solitos
2168 2516 2177 2520 ”

227 2581 375 2631 fuisse
414 2578 603 2642 prologo
655 2574 783 2626 finito
827 2578 1011 2641 chorum
1056 2578 1212 2640 plenis·
1243 2579 1454 2639 vocibus
1481 2585 1716 2626 canentem
1756 2579 1973 2628 inducere
1987 2614 2003 2638 ‚
2053 2596 2146 2641 quo

227 2652 501 2705 luculentius
540 2649 738 2708 primum
784 2647 1023 2708 episodion
1067 2650 1097 2694 a
1142 2648 1357 2708 prologo·v
1379 2651 1693 2710 sejungeretur
1707 2680 1722 2705 ‚
1776 2650 1897 2695 sicut
1943 2652 2145 2696 stasimis

328 2756 330 2759 Δ
367 2779 408 2836 ⁴)
433 2762 480 2827 ct.
503 2786 546 2827 F.
569 2786 818 2836 Bamberger:
843 2787 890 2824 de
914 2762 1137 2825 carminibus
1160 2757 1379 2836 aeschylon
1402 2798 1426 2825 a
1448 2775 1615 2837 partibus
1639 2770 1745 2826 chori
1770 2764 1942 2832 cantatis.
