2436 3176
1213 178 1219 180 “
1243 175 1277 226 ’1

299 334 499 396 repetunt
535 336 613 394 (ν.
641 335 797 381 Herm.
826 345 1001 378 recens.
1039 332 1099 389 de
1130 330 1184 382 G.
1199 330 1272 375 0
1300 328 1486 375 Millleri
1513 301 1644 373 Eum.
1681 339 1840 384 opusc.
1870 326 1974 370 Vol.
2005 325 2083 369 VI.
2113 339 2213 383 pag.
2260 370 2264 376 ,

211 406 235 413 ²
300 407 442 465 143),
471 405 548 452 vel
575 405 693 451 inde
707 404 888 449 videtur
913 408 1228 461 ugnmentmn
1253 398 1355 460 peti
1373 411 1538 457 posse,
1566 395 1715 455 quod,
1746 395 1789 440 si
1817 407 1900 441 eos
1925 401 2216 452 anapaestos,
2264 413 2273 421 ·

298 476 378 534 qui
418 470 487 521 in·
510 474 681 533 capite
679 470 981 531 quarundam
1017 467 1349 529 tragoediarum
1374 466 1463 513 sub
1510 464 1638 510 chori
1682 463 1867 510 nomine
1908 470 2039 508 sunt
2058 463 2214 521 positi,

297 545 444 607 plenis
470 543 662 589 vocibus
690 542 957 587 decantatos
983 552 1104 594 esse,
1129 538 1304 595 itaque
1312 536 1483 594 parodo
1511 534 1733 592 contineri
1759 540 2077 588 statueremus,
2108 530 2216 577 illae

295 612 557 672 tragoediae
596 615 802 656 carerent
840 606 1043 667 prologo.
1111 604 1220 665 (cf.
1232 599 1461 663 Aeschyl.
1502 601 1681 662 Pers..)
1747 601 1920 654 Quare
1940 600 2023 647 ,ubi
2065 608 2215 660 syste-

295 687 418 724 mata
444 676 751 737 anapaestica
766 691 871 722 eum
906 676 1012 721 aliis
1046 674 1259 720 numeris
1281 675 1344 719 ad
1368 678 1550 717 cantum
1577 671 1697 729 aptis
1725 672 1791 717 ita
1812 678 1930 719 sunt
1951 671 2212 738 conjuncta,

290 752 349 791 ut
385 746 444 789 iis
480 753 565 789 aut
596 745 891 803 praecedant,
928 751 1008 788 aut
1042 756 1126 787 eos
1162 749 1441 803 sequantur,
1472 739 1553 783 illa
1588 740 1647 784 ab
1674 740 1748 783 his
1775 739 2059 798 sejungenda
2082 746 2210 782 sunt.

201 825 214 859 ᾳ
299 799 429 864 Quae
454 815 571 859 ratio
595 814 735 859 etiam
762 813 945 860 allunde
971 812 1085 857 satis
1113 810 1341 869 probatur.
1397 808 1621 866 Breviora
1645 808 1767 853 enim
1793 814 2063 866 systemata,
2091 821 2213 865 quae

297 881 486 939 pai-odis
521 887 568 926 et
604 879 828 936 stasimis‚
867 879 1055 939 saepius
1089 876 1358 928 etiamaliis
1384 875 1574 922 canticis
1601 875 1850 922 minoribns
1875 882 1988 921 sunt
2014 876 2210 936 adjecta,

296 958 344 993 et
379 950 526 995 forma
561 950 802 993 transitum
837 947 1027 991 melicae
1062 948 1208 1004 partis
1253 947 1314 991 ad
1359 946 1612 990 diverbium
1657 944 1865 990 efficiunt
1909 946 2211 1003 aptissimum,

295 1031 432 1074 quum
469 1017 529 1061 iis
565 1016 678 1061 insit
713 1014 977 1061 solemnitas
1012 1015 1212 1060 trimetro
1248 1010 1419 1073 major,
1460 1013 1608 1058 minor
1649 1012 1880 1059 variorum
1919 1027 2212 1071 numerorum

294 1077 646 1141 compositione,
684 1087 731 1127 et
767 1089 1029 1142 argumento
1066 1089 1328 1140 sequentem
1363 1081 1556 1125 actionis
1578 1087 1764 1138 ,partem
1796 1088 1901 1139 apte
1938 1089 2212 1140 praeparant

294 1151 417 1207 baud
443 1164 547 1197 raro
572 1152 635 1195 ita
657 1158 709 1195 ut
734 1163 851 1196 voce
871 1145 989 1193 ἀλλά
1007 1148 1089 1207 (ef.
1101 1149 1226 1207 Sept.
1246 1162 1288 1194 e.
1297 1148 1436 1194 Theb.
1444 1149 1548 1204 861,
1569 1148 1695 1193 Pers.
1715 1149 1821 1207 140)
1842 1145 1901 1194 ab
1925 1151 2209 1195 antecedenti

295 1216 422 1264 chori
467 1220 667 1265 carmine
712 1212 1055 1277 disjungantur,
1108 1225 1156 1263 et
1209 1217 1473 1277 plerumque
1508 1230 1659 1262 novae
1704 1230 1926 1275 personae
1962 1219 2211 1263 adventum

295 1288 517 1343 indicent,
556 1301 647 1345 quo
683 1293 988 1346 spectatorum
1024 1285 1164 1331 animi
1200 1286 1250 1331 in
1286 1298 1469 1331 scenam
1508 1292 1785 1331 avertantur.
1858 1285 1950 1344 (cf.
1989 1301 2123 1345 anap.
2163 1288 2213 1332 in

294 1355 389 1401 fine
413 1353 573 1414 paredi
601 1354 755 1412 Pers„
795 1354 974 1401 stasimi
999 1352 1054 1400 11.
1082 1353 1342 1412 Agamem„
1373 1360 1486 1399 stas.
1513 1353 1586 1400 111.
1591 1365 1595 1366 ⁷
1615 1352 1743 1418 Sept.
1780 1368 1821 1400 c.
1849 1353 2016 1412 Theb„
2045 1357 2212 1402 commi

293 1423 489 1483 episo‘dii
527 1422 840 1485 1V.Antig..)
927 1422 1014 1469 Cui
1050 1420 1160 1472 usui
1193 1423 1344 1467 rarius
1379 1422 1575 1467 inservit
1610 1423 1823 1467 trimeter.
1864 1422 1955 1480 (cf.
1992 1424 2210 1483 Aeschyl,

294 1487 455 1545 Agam.
493 1490 610 1537 285.
623 1489 767 1546 Soph.
799 1490 915 1537 Oed.
956 1489 1056 1536 col.
1098 1489 1284 1547 1096.)
1340 1489 1413 1546 Ex
1430 1490 1522 1540 his
1559 1490 1604 1534 si
1632 1490 1742 1548 jure
1777 1497 2029 1548 systemata
2063 1492 2148 1537 illa
2182 1507 2213 1537 a

294 1555 419 1601 chori
446 1555 722 1602 carminibus
748 1556 1040 1615 separavisse
1055 1556 1200 1608 mobis
1217 1557 1440 1612 videmur,
1460 1559 1712 1604 cavendum
1729 1565 1880 1604 tamen
1902 1566 1989 1615 est,
2009 1573 2068 1605 ne
2094 1561 2213 1607 hanc

290 1625 514 1674 rationem
536 1625 590 1667 in
616 1636 682 1669 ea
699 1622 1042 1677 transferamus,
1072 1635 1190 1679 quae
1216 1627 1542 1686 nonnunquam
1567 1626 1689 1670 intra
1714 1626 1875 1683 parodi
1902 1625 2052 1671 fines
2039 1631 2214 1673 inveni-

291 1699 428 1746 untur
444 1690 534 1749 (cf.
566 1691 722 1748 parod.
751 1686 895 1749 Soph.
922 1682 1117 1748 Antig.).
1159 1683 1275 1735 Nam
1302 1690 1432 1745 haec,
1461 1693 1602 1749 quum
1630 1693 1826 1752 singulis
1854 1696 2068 1740 carminis
2095 1705 2215 1742 stro-

291 1758 410 1817 phis
422 1759 487 1802 ita
512 1759 604 1802 sint
630 1759 818 1813 innexa,
845 1765 898 1803 ιιι
923 1759 1057 1823 quasi
1084 1758 1134 1801 in
1161 1772 1302 1802 unum
1329 1771 1432 1802 cum
1459 1759 1518 1803 iis
1545 1759 1826 1813 coalescant,
1847 1773 1996 1816 neque
2031 1770 2212 1807 senten-

290 1826 470 1882 tiarum,
501 1841 615 1884 quas
651 1826 898 1881 continent,
934 1824 1112 1871 ratione
1146 1837 1178 1870 a
1213 1825 1376 1871 ceteris
1410 1826 1650 1872 ostendant
1687 1825 2117 1886 dissimilitudinem,
2168 1841 2213 1876 et

290 1892 435 1950 forma
461 1900 508 1937 et
533 1900 795 1952 argumento
821 1894 880 1937 ab
906 1893 1001 1937 illis
1027 1899 1137 1937 sunt
1155 1894 1482 1938 diversissima.
1530 1895 1746 1939 Adhibita
1763 1903 1915 1939 autem
1933 1908 1989 1941 ea
2014 1910 2044 1942 a
2063 1901 2212 1957 poetis

289 1962 536 2007 verisimile
562 1971 650 2016 est,
677 1971 731 2007 ut
757 1962 884 2008 chori
922 1961 1152 2017 saltationi
1197 1963 1379 2007 decoro
1401 1964 1587 2008 incessu
1624 1963 1817 2021 pulchra
1851 1965 2096 2011 adderetur
2131 1983 2212 2013 va-

289 2029 446 2085 rietaS,
484 2029 531 2075 id
569 2030 702 2077 nobis
720 2030 723 2033 ’
739 2028 1115 2086 concedentibus,
1149 2028 1274 2089 ¹quod
1310 2030 1603 2091 probabiliter
1641 2030 1996 2079 demonstratum
2031 2041 2104 2080 est
2143 2037 2209 2094 (v.

288 2098 471 2142 Bouka-
515 2099 564 2145 in
611 2106 846 2143 comment.
896 2100 954 2142 de
990 2098 1146 2156 Antig.
1192 2099 1258 2143 lit.
1305 2100 1433 2144 acad.
1483 2099 1634 2151 Berol.
1679 2113 1786 2144 ann.
1833 2101 1948 2147 1828
1966 2115 2060 2160 pg.
2107 2105 2159 2148 51
2168 2106 2209 2162 )‚

287 2174 559 2223 anapaestos
594 2167 658 2213 ab
693 2167 916 2214 incedenti
945 2165 1082 2218 choro
1107 2165 1274 2212 solitos
1292 2165 1446 2231 *fuisse
1473 2168 1767 2227 pronuntiari.
1833 2168 2058 2227 Alterum,
2088 2175 2213 2230 quod

288 2233 737 2283 aninmdvertendum
763 2242 852 2289 est,
879 2234 1051 2292 paredo
1079 2241 1126 2279 et
1152 2235 1356 2279 stasimo*
1367 2243 1440 2281 est
1467 2249 1718 2281 commune.
1777 2236 2064 2295 Quamquam
2090 2243 2212 2285 enim

288 2301 524 2359 utriusque
553 2303 803 2348 carminum
829 2303 1009 2361 generis
1042 2302 1259 2348 indicium
1295 2303 1344 2348 in
1370 2318 1434 2350 eo-
1455 2300 1655 2362 positum
1682 2311 1755 2349 est
1790 2306 2129 2364 gravissimum,
2148 2314 2214 2356 'ut

221 2369 226 2373 ’
290 2370 443 2414 totius·
460 2369 586 2416 chori
615 2372 852 2417 concentui
888 2372 1174 2436 conveniant,
1213 2364 1364 2417 tamen
1400 2371 1620 2417 nonnulla
1662 2373 1862 2419 carmina
1898 2373 2209 2433 inveniuntur,

290 2438 497 2496 inprimis
532 2437 654 2497 apud
682 2439 974 2499 Aeschylum,
1001 2452 1121 2498 quae
1148 2438 1255 2484 huic
1279 2439 1370 2498 legi
1397 2453 1652 2499 repugnare
1669 2441 1924 2488 videantur.
1976 2445 2106 2495 Quae
2134 2461 2212 2493 res

288 2512 341 2554 ut
365 2513 488 2553 recte
515 2507 754 2571 dijudicari
781 2509 948 2567 possit,
977 2509 1039 2554 ad
1066 2508 1296 2554 diversum
1330 2516 1563 2567 poetarum
1606 2509 1881 2567 tragicorum
1916 2526 2090 2560 morem
2123 2518 2213 2562 erit

289 2575 635 2631 respiciendum.
692 2573 949 2641 Aescbylus
977 2576 1111 2638 enirn,
1141 2578 1219 2633 qui
1246 2578 1362 2622 duos
1389 2578 1633 2623 histriones
1662 2579 1918 2624 inducendo
1951 2589 1999 2625 et
2027 2583 2213 2630 chorica

289 2649 418 2699 parte
438 2642 657 2692 diminuta
674 2644 877 2702 diverbio
895 2643 1043 2705 majus
1062 2645 1245 2703 pondus>
1258 2645 1485 2692 afferendo
1507 2644 1588 2704 (cf.
1599 2646 1789 2695 Aristot.
1802 2649 2084 2710 deartpoet.
2097 2654 2209 2711 c.4),

289 2711 416 2756 cultu
425 2712 769 2776 etexor‘natione
786 2724 964 2769 scenae,
986 2721 1082 2758 arte
1101 2714 1275 2763 musica
1285 2722 1339 2766 et
1355 2716 1594 2762 saltatoria
1611 2717 1828 2763 tambene
1844 2718 1903 2764 de
1920 2727 2019 2764 arte
2038 2722 2212 2780 tragica

287 2782 464 2835 meruit,
474 2789 526 2826 ιιι
542 2783 644 2841 ejus
663 2790 791 2841 pater
810 2784 929 2841 apud
938 2783 1240 2829 Athenienses
1255 2784 1495 2831 baberetur
1514 2786 1581 2843 (v.
1591 2785 1806 2843 Phiiostr.
1817 2789 1898 2832 vit.
1909 2788 2123 2846 Apollon.
2135 2791 2209 2836 ed.
