2436 3176
1121 239 1142 260 ,,
1239 197 1274 250 S

290 350 443 395 Olear.
457 364 500 407 p.
510 349 636 407 244),
655 357 807 396 tamen
836 350 1047 409 antiquae
1072 354 1333 411 tragoediae
1348 347 1508 400 ‘aetate
1533 366 1620 399 sua
1646 354 1846 412 propior,
1861 360 2005 412 quum
2024 356 2215 413 chorum

288 419 338 463 in
364 417 593 476 1egiem0s
610 417 728 477 fine·
758 401 974 486 coimus
998 418 1213 485 mesenen,
1233 421 1933 486 mmmmm
1947 426 2216 482 composuit,
2287 446 2296 455 ,

290 485 479 531 chorum
505 484 694 545 'saepius
722 487 782 532 ad
810 487 1014 534 actorum
1040 489 1170 535 vices
1196 489 1490 536 sustinendas
1515 486 2057 550 admiaignonnunquam
2078 493 2215 544 ctiam

283 556 457 611 primas
484 562 639 614 partes
664 552 717 600 ci
736 556 906 603 tribuit.
941 556 1075 603 Unde
1101 557 1330 613 fitsuth‘
1348 548 1600 617 tragoediis
1619 547 1896 618 ‘Keschyleis
1921 558 2053 617 p'lura
2077 572 2215 617 quam

285 622 400 669 alibi
418 622 653 671 carmina*
670 637 700 669 a
735 624 944 684 partibus
979 625 1108 672 chori
1145 624 1328 673 cantata
1362 627 1662 687 reperiantur.
1747 626 2008 688 Sophocles
2033 635 2210 682 contra,

283 693 363 750 qui
390 691 519 738 chori
544 706 682 739 usum
709 695 978 750 arctioribus
991 695 1174 753 <finibus
1200 696 1581 756 circumscripsit,
1608 696 1743 742 nullo
1763 696 1860 742 fere
1875 697 2015 757 ltuJua
2030 697 2214 755 generis

284 761 485 806 carmine
511 775 628 807 usus
652 759 728 808 'est
754 762 933 822 Oedipo
962 762 1165 810 Coloneo
1192 770 1397 823 excepto.
1414 764 1480 809 »ln
1505 764 1723 822 Euripide
1743 765 1953 823 denique,
1982 765 2060 823 qui
2086 772 2139 809 ut
2166 765 2214 808 in

283 829 389 874 aliis
416 830 483 874 ita
517 830 566 875 in
602 830 691 875 hac
711 832 779 876 ‘re
817 831 1038 891 Aeschyli
1073 831 1329 892 exemplum
1365 839 1570 877 secutus
1588 839 1685 888 eat,
1723 847 1818 878 non
1826 848 1832 855 ·“
1855 833 2021 878 desunt
2067 832 2215 892 illius-¹

281 898 406 941 modi
426 898 650 953 earmina,
680 905 729 943 at
755 898 1028 944 inconcinna
1054 913 1111 945 ea
1138 911 1289 958 neque
1302 905 1470 944 certam
1487 897 1906 961 legem'xaequeutia.
1934 900 2018 944 Est
2044 906 2210 954 autem,
2304 926 2326 932 .-

212 1014 214 1018 ,
280 972 334 1009 ut
361 964 422 1011 ad
449 965 689 1011 consilium
717 973 925 1011 nostrum
950 970 1257 1023 revertamur,
1295 968 1413 1013 inter
1446 968 1507 1014 'ea
1555 967 1761 1014 carmina
1789 966 2051 1012 discrimen
2097 966 2213 1013 satis

281 1040 501 1089 apertum.
559 1033 668 1079 Alia
704 1035 827 1078 enim
862 1034 1128 1080 affinitatem
1165 1048 1297 1081 suam
1324 1049 1428 1093 cum
1454 1036 1641 1094 parodis
1677 1042 1759 1081 aut
1794 1035 2000 1080 stasimis-
2028 1035 2211 1082 demon-

280 1102 456 1156 strant,
505 1103 628 1158 quod
673 1111 938 1161 argumento
987 1112 1095 1149 sunt
1139 1102 1393 1157 consimilia
1406 1134 1423 1159 ,
1469 1111 1517 1149 et
1555 1104 1659 1149 sola
1703 1103 1851 1152 forma
1896 1117 1959 1147 ex
1987 1099 2213 1162 antiquae

280 1169 541 1227 tragoediae
568 1170 897 1216 consuetudine
930 1179 1117 1218 servata
1150 1184 1252 1218 eam
1289 1171 1350 1217 ob
1381 1184 1571 1218 causam
1606 1172 1725 1217 inter
1751 1168 1958 1236 singulos
1987 1170 2205 1230 pluresve
2277 1215 2281 1218 n

280 1239 524 1282 choreutas
569 1236 784 1282 videntur
824 1240 1066 1285 distributa
1109 1252 1216 1284 esse
1234 1270 1251 1295 ,
1301 1253 1362 1284 ne
1408 1239 1546 1295 solita
1592 1253 1759 1291 vocmn
1803 1239 2031 1282 variarum
2073 1240 2212 1287 vicis-

280 1304 433 1351 situdo
473 1313 521 1352 et
557 1303 797 1351 delectatio
836 1307 1019 1366 periret.
1104 1306 1251 1367 Cujus
1296 1309 1365 1354 rei
1408 1306 1664 1366 exemplum
1706 1313 1857 1356 exstat
1902 1308 1951 1352 in
1988 1306 2209 1366 Aeschyli
2279 1343 2285 1346 .

236 1423 247 1431 χ
278 1374 457 1428 PersiS,
477 1374 556 1418 ubi
584 1386 615 1419 a
643 1374 788 1419 solius
807 1375 1053 1435 coryphaei
1078 1376 1349 1422 recitatione
1373 1375 1633 1434 anapaestis
1660 1373 1898 1434 prologum
1924 1372 2134 1422 facientis
2161 1376 2210 1420 in

277 1444 453 1500 parodo
492 1443 701 1501 sequenti
727 1441 977 1501 paullatimx
998 1446 1130 1501 quasi
1169 1458 1252 1502 per
1287 1446 1458 1502 gradus
1495 1444 1567 1489 ad'
1592 1451 1861 1489 concentum
1892 1443 2035 1499 totius
2080 1443 2209 1493 chori
2252 1484 2258 1489 .

276 1512 499 1558 transitur
548 1509 641 1570 (cf.
687 1510 841 1557 Herm.
884 1510 1014 1557 elem.
1064 1511 1182 1557 doct.
1230 1506 1361 1557 metr.
1406 1519 1511 1570 pag.
1560 1509 1687 1565 729).
1756 1508 1972 1564 Alterum·
1999 1508 2102 1568 ejus
2138 1509 2206 1554 rei

276 1580 495 1625 indicium
540 1579 744 1641 positum
791 1585 863 1625 est
909 1579 959 1624 in
999 1579 1289 1637 stropharum
1335 1576 1678 1648 compositione.
1761 1574 1974 1639 Carmina
2007 1576 2143 1640 euim
2176 1574 2207 1623 a
2256 1580 2261 1584 '

275 1649 481 1706 partibus
509 1648 639 1695 chori
665 1643 872 1702 cantata,
897 1660 1016 1705 quae
1041 1648 1183 1692 totius
1209 1646 1338 1692 chori
1365 1644 1603 1690 concentui
1631 1644 1939 1701 ‘antistrophae
1964 1643 2042 1688 vel
2068 1644 2206 1701 epodi

274 1716 424 1762 forma
439 1722 569 1760 -sunt
604 1714 810 1774 adjecta,
848 1725 908 1758 ne
945 1712 1217 1759 divellamus
1244 1718 1370 1758 vetat
1410 1725 1498 1758 nos
1539 1718 1782 1757 metrorum
1821 1725 1879 1758 ac
1919 1712 2204 1769 stropharum

275 1780 606 1839 conglutinatio
654 1777 766 1837 (cf.v
794 1779 948 1825 Herm.
996 1780 1054 1825 de
1102 1780 1238 1824 duab.
1270 1785 1461 1832 recens.
1507 1778 1565 1824 K.
1615 1778 1673 1822 Ο.
1720 1778 1931 1822 Muelleri
1978 1781 2027 1823 in
2066 1778 2201 1824 Jahn:

273 1847 426 1893 annal.
464 1847 560 1892 vol.
599 1846 681 1892 Vl.
719 1844 833 1892 fasc.
871 1846 965 1905 3.).
1021 1846 1131 1893 Alia
1167 1852 1327 1892 contra
1362 1846 1565 1892 carmina
1599 1846 1702 1904 eJus
1738 1846 1945 1903 generis,
1975 1860 2098 1905 quae
2132 1848 2201 1891 ita
2242 1839 2251 1850 “

274 1922 536 1973 comparata
573 1920 706 1969 sunt,
747 1921 799 1958 ut
834 1914 895 1960 ad
932 1912 1115 1960 fabulae
1142 1927 1396 1960 connexum
1424 1915 1517 1960 sint
1543 1914 1830 1968 necessaria,
1857 1921 1906 1959 et
1931 1912 2106 1959 cantus'
2119 1929 2202 1973 pro

273 1984 504 2039 diver-bio,
543 1983 712 2029 chorus
745 1997 829 2041 pro
866 1984 1097 2030 actoribus
1135 1985 1410 2031 substitutus
1435 1984 1668 2040 videatur,
1705 1983 1842 2042 longe
1877 1982 2063 2029 diversa
2095 1992 2202 2028 sunt

272 2068 302 2098 a
340 2047 527 2111 parodis
564 2060 611 2097 et
648 2052 877 2106 stasimis‚
916 2065 947 2097 a
983 2053 1174 2109 quibus,
1213 2052 1393 2098 etiamsi
1430 2054 1586 2098 statim
1623 2050 1896 2109 sequantur,
1913 2050 2201 2097 -divellantur

271 2130 464 2166 necesse
489 2126 589 2164 ⁵est.
648 2119 740 2176 (cf.
761 2119 937 2165 Acsch.
967 2119 1119 2165 Hiket.
1148 2133 1196 2165 v.
1224 2119 1326 2168 825.
1355 2132 1455 2179 sqq.
1465 2121 1511 2179 ).-
1563 2120 1693 2171 Quae
1728 2120 1846 2165 ratio
1879 2118 2222 2189 nonnunquam'
2311 2118 2318 2125 '

270 2189 591 2246 comprobatur
645 2188 848 2232 numeris
905 2188 1079 2232 diversi
1132 2189 1315 2246 generis
1368 2189 1663 2246 interpositis.
1769 2187 1851 2232 Sic
1868 2218 1885 2242 ,
1947 2195 1999 2230 ut
2057 2201 2198 2234 unum

271 2255 530 2316 exemplum
579 2252 823 2302 afferamus
836 2285 853 2311 ,
904 2254 956 2301 in
1008 2255 1133 2314 Sept.
1187 2269 1229 2303 o.
1282 2256 1422 2303 Theb.
1471 2257 1661 2304 stasimo
1707 2256 1783 2303 111.
1829 2269 1876 2303 v.
1923 2255 2026 2303 860.
2069 2255 2198 2312 finito

270 2325 517 2383 coryphaei
545 2324 781 2381 anapaesti
822 2323 1186 2382 subjunguntur,
1229 2325 1395 2384 quibus
1435 2327 1574 2384 quum
1606 2324 1867 2385 Antigonae
1906 2330 1954 2374 et
1993 2323 2199 2380 lamense

269 2394 497 2439 adventus
533 2392 758 2438 indicetur
791 2392 892 2450 Jam
935 2393 996 2438 ad
1037 2393 1260 2440 actionem
1302 2394 1430 2451 pergi
1470 2402 1673 2452 apparet.
1750 2394 2055 2450 Consequitur
2084 2407 2199 2440 ,ear-

272 2474 378 2506 men
436 2460 564 2505 chori
619 2471 827 2506 sororum
893 2458 1193 2506 calamitatem
1255 2461 1538 2519 miserantis,
1593 2460 1716 2521 quod
1771 2467 1819 2506 et
1875 2467 2062 2520 propter
2114 2474 2198 2506 nu·

268 2545 495 2576 merorum
531 2536 580 2573 et
614 2530 866 2587 argumenti
903 2543 934 2576 a
970 2529 1158 2575 stasimo
1187 2530 1494 2584 diversitatem
1527 2531 1589 2576 ad
1614 2526 1811 2576 exodum
1836 2529 2195 2575 uansferendum

267 2611 375 2647 esse
394 2597 671 2659 judicamus.
700 2621 761 2635 —·
1806 2626 1821 2639 .
2074 2650 2077 2654 Ι

405 2667 614 2711 Alterum
650 2669 734 2710 τοῦ
771 2668 954 2726 χορικοῦ
990 2680 1137 2726 genus
1172 2670 1367 2713 maxime
1404 2669 1585 2726 insigne
1621 2668 1730 2712 sunt
1772 2663 2040 2721 stasima,
2077 2679 2194 2724 quae

267 2738 317 2783 in
345 2737 428 2792 iis,
458 2747 575 2793 quae
601 2735 661 2781 ad
688 2748 777 2781 nos
804 2743 1131 2794 pervenerunt,
1169 2737 1631 2795 tragoediisperraro
1658 2734 1781 2781 binis
1807 2735 2062 2792 pauciora.
2080 2749 2194 2779 nun-
2219 2761 2229 2765 «

268 2816 406 2862 quam
447 2803 582 2863 plura
622 2802 856 2863 quaternis
898 2803 1199 2864 reperiuntur.
1287 2803 1420 2856 Quae
1459 2814 1590 2852 vero·
1614 2802 1816 2850 carmina
1855 2801 2063 2851 habenda
2103 2802 2195 2849 sint
