2436 3176
1187 213 1253 267 14

243 380 356 413 vero
384 366 663 414 canticorum
690 377 837 424 genus
873 372 922 413 et
949 366 1113 412 commi
1149 374 1198 414 et
1239 367 1444 414 carmina
1480 361 1580 413 ἀπὸ
1629 366 1791 424 σκηνῆς
1828 365 2027 425 insignia
2072 373 2183 413 sunt

241 436 433 491 metrica
471 432 846 480 conformatione.
911 431 1056 487 Nam,
1096 440 1153 480 nt
1176 434 1375 480 maxima
1399 433 1595 480 exsistat
1629 432 1804 481 formae
1841 440 1888 481 et
1924 436 2181 493 argumenti

242 503 557 561 congruentia,
595 514 689 546 non
735 499 888 546 solum
922 501 1125 548 amantia
1172 508 1291 548 aunt·
1327 502 1637 549 dochmiorum
1666 497 1762 560 (1²12x
1777 501 1946 561 Aeselt.
1975 501 2179 561 Choeph.

240 585 287 616 v.
316 571 420 617 927.
452 569 615 629 Suppl.
643 583 694 615 v.
720 568 824 616 634.
864 569 997 616 Eum.
1025 583 1073 616 v.
1114 569 1202 617 138
1238 584 1337 630 sqq.
1375 573 1514 630 etc),
1552 572 1632 630 qui
1668 571 1811 631 quum
1847 576 2033 630 propter
2067 577 2180 619 tem-

239 653 405 698 porum
449 638 850 685 inconcinnitatem
896 651 1065 688 nomen
1110 639 1373 697 acceperint
1419 638 1503 698 (d.
1545 639 1691 687 Arist.
1740 639 1896 692 Quint.
1926 652 1972 697 p.
2013 637 2087 686 39.
2128 645 2180 691 Aet

238 708 389 766 Etym.
433 720 587 764 magn.
625 720 667 752 s.
704 720 753 753 v.
791 702 1098 766 δοχμιωός),
1148 713 1197 752 et
1236 705 1297 752 iis
1339 707 1451 753 insit
1489 704 1545 753 τὸ
1590 708 1851 768 ταραχῶδες
1892 707 1985 766 (ef.
2030 706 2176 753 Arist.

238 776 397 826 Quint.
419 789 510 833 pg.
549 773 631 832 98)
668 780 718 823 et
752 771 810 820 τὸ
845 775 1081 833 Quid-sc
1110 774 1192 832 (ef.
1231 774 1375 821 schol.
1403 775 1466 819 ad
1501 775 1675 821 Aesch.
1712 775 1841 833 Sept.
1872 788 1913 821 c.
1952 775 2095 832 Theb.
2129 788 2176 818 v.

239 844 349 902 165)
369 844 430 891 ad
457 841 881 889 vehementissimas
906 856 1113 901 quasque
1138 842 1281 889 animi
1308 843 1670 901 perturbationes
1696 850 1806 888 sunt
1830 844 2177 897 accommodati,

236 925 399 956 verum
427 911 566 956 etiam
580 910 892 956 ‘artificiosam
918 900 1088 957 h'ahent
1125 910 1417 969 stropharum
1453 909 1825 969 compositionem
1864 909 1947 968 (οἱ
1983 910 2175 957 Aristot.

236 980 385 1037 probl.
413 978 545 1032 xlx,
575 979 645 1024 15.
674 985 723 1023 et
749 978 903 1025 Herm.
929 978 1074 1038 praef.
1109 980 1172 1026 ad
1197 978 1475 1026 Eun-Herc·
1513 978 1604 1025 fur.
1633 992 1710 1037 pg.
1739 977 1868 1036 ΧΠ).

374 1047 463 1095 His
489 1046 716 1093 absolutis
741 1047 950 1106 quaestio
978 1047 1159 1095 oritura
1199 1048 1351 1094 sintne
1386 1046 1539 1093 omnia
1566 1047 1818 1093 carminum
1844 1058 2030 1105 genera,
2056 1059 2178 1106 quae

233 1118 286 1161 in
324 1115 517 1164 Graecis
577 1116 827 1175 tragoediis
871 1117 1187 1175 reperiuntur,
1233 1122 1586 1177 commemorata
1621 1121 1670 1161 et
1705 1115 1930 1161 metata?
1998 1115 2050 1161 ld
2087 1116 2176 1161 erit

233 1184 508 1242 negandum.
550 1183 762 1235 Quatuor
810 1184 935 1230 enim
992 1185 1173 1244 reliqua*
1213 1192 1323 1231 sunt
1337 1215 1354 1240 ,
1415 1184 1607 1231 levioris
1655 1183 1839 1242 quidem
1879 1185 2115 1239 momenti,
2145 1200 2176 1230 a

233 1252 403 1299 ceteris
428 1259 584 1301 tamen
608 1252 943 1313 quodammodo
972 1253 1170 1300 diversa.
1229 1253 1351 1298 Sunt
1382 1260 1535 1299 autem
1574 1253 1626 1310 1)
1663 1252 1840 1297 minora
1876 1253 2076 1297 carmina
2113 1254 2173 1297 ad

232 1320 376 1365 totius
391 1316 535 1368 ‘chori
569 1328 839 1371 concentum
875 1322 1237 1376 accommodata,
1264 1333 1413 1381 neque
1448 1326 1615 1366 tamen·
1637 1320 1824 1379 pai-odis
1859 1327 1941 1365 aut
1973 1320 2174 1365 stasimis

231 1388 575 1437 adnumeranda
633 1388 723 1447 (etz
763 1388 966 1448 Choeph.
995 1403 1043 1435 v.
1082 1391 1169 1436 152
1211 1390 1352 1447 sqq.).
1408 1390 1463 1448 2)
1506 1388 1721 1434 Cat-ruina
1760 1395 1808 1433 et
1848 1388 1953 1447 ipsa
1993 1388 2173 1435 actione

231 1455 582 1521 comprehensa,
619 1466 737 1516 quae
771 1468 805 1503 a
839 1454 1037 1515 singulis
1072 1457 1150 1502 vel
1187 1456 1395 1514 pluribus
1432 1456 1664 1504 choi-eutis
1701 1456 1897 1503 invicem
1945 1463 2170 1503 canuntur

230 1522 313 1580 (cf.
343 1522 459 1568 Oed.
488 1521 589 1568 Col.
617 1535 665 1568 v.
696 1522 796 1569 117.
825 1524 965 1583 sqq).
1011 1522 1128 1570 Tum
1154 1523 1206 1568 id
1230 1525 1413 1581 generis
1440 1524 1532 1571 loci
1559 1525 1609 1569 in
1633 1525 1800 1582 quibus
1827 1525 1947 1570 inter
1971 1532 2172 1571 actorem

229 1599 278 1636 et
315 1590 505 1638 chorum
541 1604 600 1637 ea
640 1590 882 1650 intercedit
927 1591 1235 1647 consociatio,
1281 1598 1336 1637 nt
1371 1592 1427 1651 3)
1466 1591 1633 1638 chorus
1670 1601 1806 1638 canat
1842 1592 2003 1647 solus,
2042 1602 2171 1638 actor

229 1660 447 1720 deinceps
475 1658 741 1719 anapaestis
768 1666 849 1707 aut
874 1659 1092 1710 trimetris
1118 1659 1333 1720 loquatur
1370 1659 1453 1720 (cf.
1480 1659 1651 1707 Aesch.
1681 1660 1842 1720 Suppl.
1879 1674 1927 1708 v.
1953 1660 2042 1708 246
2068 1675 2167 1718 sqq.

227 1728 356 1787 Sept.
388 1743 430 1773 c.
459 1728 602 1775 Theb.
623 1727 679 1775 v·
707 1728 796 1777 203
824 1729 969 1787 sqq.),
996 1736 1080 1775 aut
1101 1729 1177 1788 Α)
1204 1735 1334 1774 actor
1369 1729 1502 1776 solus
1529 1737 1682 1781 canat,
1710 1728 1879 1774 chorus
1906 1729 1938 1774 i.
1968 1743 2009 1773 e.
2038 1743 2169 1786 cory-

228 1796 407 1853 phaeus
433 1796 665 1857 loquendo
699 1797 977 1856 respondeat
1011 1795 1094 1856 (cf.
1130 1796 1301 1843 Aesch.
1338 1797 1503 1856 Agam.
1531 1811 1580 1850 y.
1624 1796 1737 1842 1072
1773 1809 1890 1855 sqq.,
1920 1795 2060 1854 Soph.
2089 1796 2167 1855 Aj.

224 1865 318 1913 349
352 1865 493 1925 sqq.).
560 1864 665 1911 Jam
704 1866 888 1912 tertium
913 1872 972 1911 ‘et
1008 1871 1219 1926 quartum
1256 1878 1404 1925 genus
1432 1872 1623 1924 apparet
1658 1878 1753 1910 non
1787 1877 1930 1923 posse
1966 1878 2168 1909 commos

227 1933 411 1990 haberi,
440 1934 610 1993 quippe
636 1946 755 1995 quae
782 1948 876 1980 non
933 1935 1195 1982 contineant
1220 1934 1413 1981 alterum
1440 1940 1695 1989 cantum,
1736 1934 1797 1978 ad
1863 1946 1997 1992 quem
2024 1948 2169 1980 unum

228 2009 438 2061 spectant
467 2003 620 2048 munia
646 2016 817 2061 genera
851 1997 938 2049 τοῧ
975 2003 1174 2064 χορικοῦ.
1202 2009 1206 2012 “
1243 2002 1398 2056 Quare
1435 2001 1469 2047 ii
1496 2000 1614 2057 loci,
1655 2001 1821 2059 quibus
1859 2001 2028 2048 chorus
2064 2017 2166 2049 cum
2194 2025 2200 2035 ·

226 2079 383 2118 actore
421 2071 603 2119 canenti
639 2071 868 2130 loquendo
905 2073 1023 2130 agit,
1060 2073 1120 2118 ad
1148 2086 1296 2131 genus
1333 2072 1527 2117 redeunt
1565 2071 1813 2115 carminum
1852 2065 1949 2138 ᾆπό
1987 2074 2185 2132 σκηνῆς.
2221 2064 2231 2073 “

227 2153 285 2184 ac
313 2139 503 2202 perinde
532 2145 644 2190 sunt
668 2138 883 2193 habendi,
897 2148 1034 2198 atque
1060 2140 1151 2196 illi,
1162 2141 1240 2184 ubi
1255 2141 1425 2185 actoris
1438 2153 1590 2183 sermo
1605 2146 1786 2183 cantum
1801 2134 1970 2183 actoris
1996 2140 2166 2197 excip³t

226 2207 288 2252 cf.
326 2207 469 2266 Soph.
508 2207 652 2255 Elect.
693 2222 741 2251 v.
783 2208 897 2253 1232
934 2210 1086 2266 sqq.);
1127 2209 1295 2266 quibus
1343 2215 1502 2253 contra
1541 2207 1667 2251 chori
1704 2214 1866 2253 cantus
1907 2216 1979 2252 est
2013 2209 2163 2252 solius

225 2276 441 2335 loquente
470 2282 645 2332 actore,
673 2275 707 2321 ii
746 2275 796 2320 in
825 2276 1016 2335 primum
1047 2283 1128 2322 aut
1154 2276 1348 2322 alterum
1380 2289 1532 2339 'genus
1566 2275 1750 2319 cadunt.
1811 2273 1974 2320 Potest
2011 2284 2162 2321 tamen

225 2350 467 2402 utrumque
506 2356 660 2404 genus
704 2343 753 2388 in
792 2344 958 2394 commi
994 2343 1188 2390 formam
1226 2344 1449 2399 transire,
1490 2344 1568 2388 ubi
1606 2343 1796 2388 alterius
1832 2344 1980 2389 utrius
2018 2345 2162 2402 partis

225 2424 376 2457 sermo
419 2410 472 2457 iu
508 2419 694 2459 cantum
730 2413 1010 2459 convertitur
1059 2412 1141 2472 (cf.
1179 2413 1343 2472 Agam.
1391 2413 1505 2458 1072
1548 2413 1685 2470 sqq.).
1757 2412 1952 2471 Reliqua
1992 2427 2162 2471 genera

226 2480 339 2534 duo,
366 2480 534 2539 quibus
560 2480 741 2526 minora
769 2480 898 2531 chori
926 2482 1126 2530 earmina
1153 2480 1594 2540 comprehenduntur
1622 2495 1651 2526 a
1670 2481 1856 2538 pat-odis
1884 2489 1932 2527 et
1957 2482 2172 2529 stasimis'

225 2548 429 2603 diversa,
456 2549 692 2595 nominare
720 2549 869 2595 liceat-
883 2547 1152 2608 κομματικά,
1190 2551 1313 2609 quod
1347 2564 1511 2596 nomen
1551 2564 1610 2595 ex
1647 2557 1855 2595 veterum
1892 2550 2160 2596 auctoritate

225 2618 295 2673 (v.
324 2617 468 2663 schol.
497 2618 557 2664 ad
584 2618 901 2669 Aesch.Bum.
932 2619 1031 2666 139.
1062 2627 1109 2664 et
1136 2618 1279 2664 schol.
1309 2619 1369 2665 ad
1396 2619 1539 2664 Arist.
1569 2619 1627 2663 de
1653 2626 1738 2664 art.
1767 2623 1887 2678 poet.
1918 2633 1956 2663 c.
1988 2619 2057 2665 12.
2087 2620 2158 2664 ed.

224 2683 488 2746 Tyrwhitt.)
516 2687 744 2748 ejusmodi
774 2687 978 2734 canticis
994 2687 1247 2747 Muellerus
1277 2688 1330 2746 (1.
1360 2703 1400 2734 c.
1429 2703 1505 2746 pg.
1532 2688 1613 2747 84)
1643 2688 1875 2746 imposuit.

359 2754 535 2801 Harum
572 2770 726 2802 rerum
764 2754 963 2818 cognitio
999 2765 1218 2816 quantum
1265 2757 1325 2802 ad
1370 2757 1489 2803 alias
1530 2756 1823 2817 quaestiones
1865 2755 2156 2811 illustrandas

223 2822 382 2871 afferat
428 2839 591 2882 usum,
638 2833 689 2870 ut
739 2840 832 2871 uno
878 2812 1086 2885 exemplo
1134 2828 1461 2883 demonstrem,
1510 2833 1663 2871 monet
1709 2838 1782 2870 me
1825 2826 1894 2871 rei
1939 2827 2153 2883 gravitas.
