2436 3176
1236 228 1274 282 9

1149 282 1174 294 N

291 385 480 432 stasima
514 383 683 448 parodo
722 384 965 431 constituta
1002 384 1125 431 haud
1162 383 1349 431 difficile
1376 391 1448 431 est
1468 382 1693 445 judicare.
1750 381 1980 443 Neglectis
2007 383 2056 427 in
2084 394 2211 440 prae-

291 455 440 500 sentia
491 453 750 500 Aristotelis
791 453 945 499 verbis
997 453 1292 498 subobscuris
1343 453 1404 498 ad
1455 453 1632 498 stasimi
1683 451 1834 497 locum
1872 450 2212 497 stabiliendum

291 530 551 569 teneamus:
597 534 778 567 carmen
819 535 924 566 esse
965 535 996 566 a
1035 528 1133 566 toto
1175 521 1313 566 choro
1362 529 1590 567 cantatum
1636 521 1817 566 duobus
1849 520 2083 578 episodiis
2131 525 2212 562 aut

289 592 448 637 ultimo
482 589 685 669 episodio
724 595 771 650 et
807 589 955 634 exodo
991 586 1315 648 interpositum.
1372 590 1535 636 Forma
1572 598 1720 635 antem
1749 588 1884 635 facile
1917 586 2210 646 cognoscitur

213 659 224 665 “
288 667 343 705 et
363 659 487 720 quod
514 659 730 716 majorem
757 652 923 704 habere
950 657 1069 703 stsset
1094 658 1319 715 ambitum,
1339 668 1385 704 et
1414 661 1534 718 quod
1560 660 1787 718 sti-ophica
1812 658 1914 717 ejiis
1943 655 2209 713 compositio

289 735 459 774 oenam
493 726 642 784 legem
679 726 906 785 sequitur,
945 727 1011 772 ita
1045 734 1098 771 ut
1131 727 1359 785 stropham
1396 742 1482 772 sua
1508 729 1659 773 statim
1688 727 1884 784 excipiat
1910 723 2206 782 antistropha,

288 796 438 852 iisque
472 793 738 852 plerumque
776 794 1014 852 adjiciatur
1040 796 1213 852 epodus
1251 795 1342 853 (cf.
1379 796 1531 841 Herm.
1570 795 1697 840 elem.
1729 796 1870 839 doctr.
1913 792 2086 837 metric.
2129 804 2204 848 pg.

289 860 377 907 ⁷25
413 862 562 920 sqq.).
622 859 757 911 Quod
792 874 903 906 vero
940 862 1001 905 ad
1036 870 1347 920 argumentum
1388 865 1568 918 attinet,
1613 863 1672 921 ad
1714 862 1897 906 modum
1932 859 2206 918 hymnorum

287 926 478 973 s'tasima
515 936 625 974 sunt
660 930 982 974 sententiarum
1017 929 1237 987 gravitate
1273 931 1496 989 insignia,
1536 930 1735 976 Deorum
1762 929 2008 974 heroumve
2041 923 2210 972 laudes

287 995 502 1052 efferunt,
538 997 793 1042 mortalium
828 995 1099 1042 benefacta
1135 990 1418 1052 collaudant,
1456 999 1574 1042 male
1601 998 1721 1042 facta
1758 998 2035 1055 improbant,
2067 995 2126 1038 ad
2152 995 2205 1037 id

287 1064 517 1111 variorum
543 1064 800 1124 mythol-nm
833 1065 1108 1111 ornamentis
1141 1072 1374 1124 tantopere
1401 1067 1599 1124 gaudent
1624 1074 1881 1123 tantamque
1908 1065 2075 1109 habent
2101 1076 2203 1106 ver-

286 1132 447 1176 borum
482 1139 530 1177 et
565 1132 727 1177 cantus
763 1132 1104 1189 sublimitatem,
1143 1139 1196 1177 ut
1215 1133 1402 1192 ‘lyricae
1438 1137 1630 1192 poeseos
1665 1133 1893 1191 fastigium
1922 1131 2106 1191 assequi
2122 1130 2202 1174 ‘vi-

287 1198 490 1246 deantur.
575 1201 678 1248 Huc
705 1200 894 1256 accedit,
923 1202 1046 1258 quod
1072 1201 1132 1245 ad
1157 1197 1299 1246 totam
1334 1203 1665 1282 tragoediarum
1691 1199 2037 1254 oeconomiam,'
2067 1206 2114 1243 et
2141 1200 2204 1242 ad

284 1273 438 1327 partes
479 1268 670 1315 actionis
711 1274 835 1315 recte
876 1267 1180 1334 disponendas
1208 1275 1316 1316 sunt
1359 1269 1630 1317 necessaria.
1714 1270 1832 1316 Nam
1878 1284 2015 1328 quum
2063 1269 2201 1321 actio,

286 1335 395 1381 dum
431 1336 600 1381 chorus
637 1339 782 1393 canit,
815 1338 879 1382 in
914 1351 1053 1383 scena
1088 1338 1430 1393 intermittatur,
1475 1345 1522 1382 at
1556 1350 1673 1396 pone
1710 1350 1810 1382 eam
1845 1336 2101 1382 continuari
2140 1335 2202 1379 si·

284 1403 531 1460 muletur,
542 1404 584 1451 ei
620 1406 815 1451 maxime
849 1407 958 1452 usui
994 1405 1182 1453 stasima
1217 1406 1494 1462 inserviunt,
1533 1414 1586 1451 ιιι
1621 1407 1818 1464 quadam
1851 1406 2044 1450 aetionis
2070 1411 2201 1461 parte

282 1478 587 1532 spectatorum
625 1474 773 1519 oculis
810 1474 1035 1521 subducta
1063 1471 1358 1535 aliquantum
1374 1475 1588 1533 temporis
1622 1475 1794 1520 interea
1819 1472 2107 1532 praeteriisse
2133 1474 2200 1515 vi-

284 1537 469 1587 dentur.
515 1541 618 1593 Quo
648 1542 725 1599 fit,
763 1550 817 1588 ιιι
850 1543 969 1588 inter
994 1540 1254 1589 canendum
1274 1557 1412 1588 scena
1433 1557 1586 1589 ‘vacua
1613 1556 1741 1599 esse,
1779 1550 1826 1587 et
1852 1543 2041 1587 stasimo
2069 1536 2201 1586 finito

283 1621 432 1656 novae
456 1622 680 1668 personae
707 1612 895 1669 produci
924 1611 1119 1657 soleant.
1177 1611 1295 1657 Illud
1321 1613 1422 1657 ubi
1428 1626 1457 1657 a
1482 1611 1630 1670 poetis
1654 1606 1912 1669 neglectum
1938 1617 2026 1665 est,
2055 1616 2199 1661 actor,

282 1677 362 1733 qui
397 1678 448 1722 in
484 1691 625 1724 scena
660 1686 885 1732 remanet,
921 1679 1188 1737 spectatoris
1223 1680 1327 1726 vice
1361 1679 1554 1738 fungens
1595 1693 1759 1736 expers
1779 1692 1783 1695 ·
1801 1685 1873 1723 est
1913 1691 2017 1723 cum
2057 1677 2199 1723 choro

280 1746 460 1789 canenti
495 1747 845 1792 consociationis
881 1746 971 1806 (cf.
994 1742 1141 1806 Soph.
1171 1747 1286 1793 Oed.
1318 1747 1475 1804 cot),
1513 1747 1604 1792 nisi
1639 1746 1755 1792 forte
1792 1753 1923 1791 actor
1957 1752 2003 1790 et
2029 1745 2200 1789 chorus

282 1816 509 1870 tamquam
547 1827 640 1859 una
677 1816 874 1873 persona
907 1828 1044 1860 unam
1079 1820 1252 1873 partem
1276 1823 1451 1873 agunt,
1474 1814 1613 1873 quod
1648 1813 1721 1858 bis
1756 1813 1925 1859 factum
1962 1826 2067 1858 esse
2103 1814 2200 1857 ani-

278 1880 601 1947 madvertimus
630 1882 784 1940 (Stas.
813 1883 887 1928 111.
915 1880 1086 1943 Aesch.
1111 1882 1241 1928 Eum.
1270 1891 1317 1929 et
1343 1891 1454 1929 stas.
1483 1883 1536 1929 11.
1565 1879 1708 1941 Soph.
1726 1881 1958 1940 Philone).
1987 1906 2041 1913 —
2094 1879 2201 1925 Jam

279 1959 336 1993 eo
378 1956 641 2007 perventum
683 1957 798 2011 est,
824 1958 878 1997 ut
919 1951 977 1998 de
1013 1951 1195 1998 nomine
1236 1952 1338 2011 ipso
1375 1952 1553 1998 stasimi
1589 1953 1711 1997 unde
1746 1958 1896 1996 ortum
1932 1950 2016 2005 sit,
2057 1957 2103 1997 et
2141 1951 2202 1995 de

279 2017 541 2064 Aristotelis
575 2019 971 2078 interpretationet
1009 2021 1141 2077 μέλος
1168 2020 1306 2079 χοροὕ
1332 2020 1386 2065 τὸ
1417 2017 1526 2066 ἄνευ
1557 2016 1849 2065 ἅναπαίστου
1879 2022 1956 2062 καὶ
1982 2022 2199 2076 τροχαίου

280 2085 391 2143 quid
426 2086 685 2144 judicemus
700 2118 715 2142 ,
762 2088 924 2145 paucis
970 2088 1263 2133 disseramus.
1345 2088 1524 2133 Novum
1571 2088 1677 2132 inde
1723 2088 1841 2132 inter
1885 2087 2106 2142 parodum
2154 2094 2202 2130 et

279 2154 505 2213 stasimon
517 2175 523 2177 f
539 2154 782 2200 discrimen
822 2169 909 2201 nos
951 2155 1190 2200 effecturos
1233 2169 1494 2212 speramus,
1552 2157 1688 2213 idque
1745 2154 2026 2198 maximum.
2011 2168 2025 2180 ·
2083 2153 2200 2196 illud

238 2260 250 2265 ,
277 2232 459 2267 carmen
494 2234 524 2267 a
549 2220 742 2268 saltante
768 2221 857 2268 hoc
892 2235 922 2270 a
948 2227 1098 2269 stante
1124 2222 1262 2270 choro
1289 2223 1573 2269 decantatum
1610 2236 1728 2269 esse.
1783 2221 1899 2267 Nam
1928 2234 2201 2280 quamquam

278 2304 308 2333 a
330 2290 487 2334 choro
526 2291 656 2335 firma
696 2293 745 2335 in
786 2285 1017 2335 orchestra
1057 2290 1254 2335 statione
1297 2298 1516 2349 occupata
1557 2291 1778 2333 stasimon
1818 2289 2053 2332 recitatum
2092 2301 2200 2331 esse

277 2342 472 2419 indeque
515 2371 682 2405 nomen
719 2357 918 2406 traxisse
960 2372 1117 2406 omnes
1143 2360 1458 2415 consentiunt,
1501 2360 1549 2403 in
1576 2374 1633 2405 eo
1660 2367 1810 2404 tamen
1836 2358 1926 2403 viri
1957 2357 2077 2400 docti
2105 2358 2200 2401 dis-

276 2427 503 2482 sentiunt,
533 2428 657 2485 quod
683 2428 763 2473 alii
792 2428 864 2485 (in
890 2428 1056 2488 quibus
1079 2418 1265 2473 Kolstcr
1291 2428 1348 2473 de
1373 2426 1584 2486 parabasi
1611 2437 1687 2486 pg-
1716 2426 1764 2472 9.
1789 2437 1890 2486 sqq.
1917 2429 1964 2468 et
1989 2422 2197 2472 Mueller.

277 2492 408 2541 Eum.
436 2509 513 2553 pg.
530 2496 602 2542 95.
613 2497 636 2555 )
666 2496 869 2555 argutius
895 2510 1029 2555 quam
1055 2497 1212 2542 verius
1239 2498 1521 2554 disputantes
1548 2496 1771 2552 integrum
1799 2493 1982 2551 quidem
2008 2493 2200 2538 chorum

278 2562 382 2608 loco
417 2577 511 2609 non
538 2565 751 2622 cessisse,
780 2563 1004 2625 singulos
1012 2577 1122 2611 vero
1151 2564 1388 2611 choreutas
1426 2563 1644 2614 stationes
1679 2562 1799 2610 inter
1833 2573 1887 2609 se
1912 2567 2199 2621 permutasse

279 2632 547 2690 opinantur,
584 2634 664 2678 alii
701 2635 782 2691 (ιιι
809 2634 1071 2679 Boeckhins
1108 2634 1158 2677 in
1186 2648 1345 2677 comm.
1375 2634 1433 2677 de
1460 2633 1613 2689 Antig.
1641 2632 1674 2675 1.
1703 2645 1742 2675 c.
1770 2644 1847 2689 pg.
1877 2616 1984 2688 51.)
2020 2630 2200 2675 nullum

274 2699 464 2752 omnino
503 2700 817 2749 choreutarum
851 2716 884 2748 a
907 2701 1022 2748 locis
1049 2700 1305 2762 discessum
1338 2685 1589 2747 admittunt.
1645 2699 1744 2744 Nos
1771 2698 2037 2744 certissimis
2066 2712 2200 2756 argu-

277 2770 442 2814 mentis
479 2771 601 2815 ducti
637 2784 733 2816 non
766 2782 1030 2830 possumus
1045 2770 1156 2830 quin
1192 2781 1349 2815 eorum
1388 2767 1658 2816 seutentiam
1698 2765 2073 2826 complectamur,
2117 2767 2199 2827 qui

280 2835 567 2895 saltationem
604 2840 654 2886 in
677 2840 895 2886 stasimis
920 2837 1069 2886 fuisse
1103 2846 1283 2898 negent.
1348 2838 1524 2885 Nomen
1560 2837 1830 2946 enim2quin
1865 2837 1973 2884 iude
2010 2836 2201 2882 stasimn
