2436 3176
1220 151 1256 207 3

277 326 384 359 eum
409 323 582 366 morem
608 311 859 369 antiquitus
887 309 1140 366 obtinuisse
1166 323 1251 388 pro
1281 315 1404 354 certo
1433 309 1676 363 habemus,
1705 316 1757 353 ιιι
1787 308 2051 365 interposito
2082 308 2205 353 chori

277 380 572 439 ingredientis
600 380 798 426 carmine
826 377 1045 437 prologus
1084 377 1143 423 ab
1170 376 1274 435 ipsa
1301 377 1478 422 actione
1508 376 1749 437 diligenter
1775 376 2117 436 sejungeretur,
2159 375 2208 418 id

279 451 403 509 quod
428 450 478 496 in
503 448 733 508 Aeschylo
762 455 808 492 et
829 446 1063 515 Sophocle
1091 445 1299 493 videmus
1328 446 1592 526 plerumque
1620 446 1789 492 factum
1818 458 1938 500 esse,
1971 453 2019 488 at
2047 451 2210 502 postea

276 518 438 578 poetas
462 517 664 578 tragicos
692 505 931 574 paullatim
951 516 1012 560 ab
1037 514 1117 560 illo
1143 520 1270 559 more
1296 515 1560 560 recessisse.
1619 515 1737 559 Nam
1775 515 1825 558 in
1852 513 2086 558 nonnullis
2115 520 2203 556 tra·

259 588 451 644 goediis
488 587 569 631 ubi
605 585 822 643 paredus
844 588 948 629 sero
984 585 1238 638 invenitur,
1280 585 1425 641 prima
1462 584 1657 629 actionis
1680 595 1795 641 pars
1835 582 2108 640 (episodion
2137 582 2203 637 1.)

256 653 463 717 ‚prologo
491 652 557 699 ita
584 656 656 699 est
683 650 886 708 adnexa,
924 658 977 698 ιιι
1005 654 1086 698 aut
1112 650 1334 698 canticum
1361 650 1573 708 brevius,
1613 659 1695 698 aut
1722 663 1844 697 nova
1871 663 2097 709 persona,
2126 656 2207 695 aut

230 736 234 738 ’
274 723 466 779 denique
493 720 608 764 nihil
633 721 723 764 nisi
752 721 936 765 diversa
961 722 1213 781 argumenti
1238 720 1355 763 ratio
1383 722 1640 765 intercedat.
1699 720 1942 764 Enimvero
1971 719 2070 764 fam
2098 732 2197 771 eos,

274 789 353 848 qui
389 787 653 834 Aristotelis
690 789 832 835 verba
874 789 1045 835 arctius
1094 778 1298 834 tenentes
1340 787 1517 846 prologi
1559 795 1723 833 natura
1763 800 1953 845 prorsus
1995 786 2205 845 neglecte

274 857 411 901 finem
438 857 541 916 ejus
569 856 721 901 ubivis
749 858 808 901 ad
835 856 996 914 parodi
1031 857 1207 919 initium
1232 857 1503 909 extendant,
1541 847 1785 913 Euripides
1823 856 1955 899 testis
1993 865 2063 899 est
2101 869 2202 912 gra·

273 924 617 985 vissimus.1n
653 913 881 983 Sophocle
916 925 1038 969 enim
1075 930 1121 968 et
1147 911 1378 982 Aeschylo
1408 938 1547 982 quum
1575 923 1754 982 prologi
1793 931 1921 969 tanta
1957 932 2054 968 arte
2084 938 2202 968 com·

272 993 421 1051 parati
447 992 566 1045 sint,
604 999 658 1037 ιιι
697 991 859 1038 leniter
890 992 939 1037 in
967 992 1115 1049 ipsam
1139 990 1341 1037 fabulam
1367 993 1736 1048 transducemur,
1773 992 2016 1050 Euripides
2045 1000 2204 1037 contra

277 1076 309 1106 a
328 1056 534 1120 vulgatis
571 1067 618 1105 et
645 1061 765 1107 tritis
801 1060 1046 1115 recedens,
1082 1066 1135 1104 ut
1160 1060 1342 1120 mythos
1371 1074 1456 1105 suo
1485 1061 1670 1105 arbitrio
1698 1068 1894 1106 mutatos
1923 1069 2204 1119 spectatores

274 1122 504 1199 edoceret,
534 1123 773 1210 prologum
799 1130 859 1175 ab
885 1130 990 1186 ipsa
1017 1128 1195 1173 actione
1222 1129 1434 1172 distincte
1463 1130 1693 1186 separavit
1729 1132 1788 1187 ι).
1848 1129 2026 1179 Quodsi
2054 1144 2204 1174 exem-

272 1198 343 1261 pli
366 1197 509 1244 causa
534 1197 585 1242 in
610 1195 787 1247 Helena
813 1211 859 1244 v.
885 1197 946 1243 67
954 1195 1212 1263 prologum
1239 1196 1360 1241 finiri
1388 1203 1599 1255 apparet,
1651 1198 1757 1257 quis
1805 1197 1942 1243 finem
1996 1198 2099 1257 ejus
2126 1213 2203 1243 us·

274 1279 365 1328 que
400 1266 461 1311 ad
493 1279 683 1312 versum
722 1266 835 1312 1116
872 1258 1097 1324 proferat,
1136 1264 1216 1309 ubi
1254 1266 1434 1309 demum
1473 1267 1672 1323 paredus
1712 1267 1833 1324 capit
1870 1265 2075 1321 initium,
2114 1281 2206 1312 nec

272 1335 443 1390 videat,
472 1349 520 1379 v.
550 1334 610 1404 68
636 1358 696 1369 —
725 1334 839 1380 1116
866 1334 1059 1392 primam
1085 1333 1279 1379 aetionis
1307 1340 1482 1391 partem
1510 1335 1772 1379 continere?
1830 1334 1904 1379 Fit
1930 1336 2067 1379 etiam
2094 1350 2205 1381 non-

271 1415 534 1461 nunquam,
576 1410 630 1447 ut
671 1401 838 1467 chorus
882 1402 984 1461 ipse
1024 1401 1102 1447 vel
1148 1402 1253 1462 ejus
1297 1403 1585 1461 coryphaeus
1631 1403 1872 1461 prologum
1915 1401 2067 1449 faciat.
2125 1405 2204 1461 (v.

271 1470 488 1529 Aeschyl.
515 1470 648 1516 Pers.
674 1478 723 1517 et
748 1470 955 1530 Supplic.
982 1477 1031 1516 et
1055 1470 1262 1530 Euripid.
1290 1470 1468 1529 Rhes.)

407 1561 570 1608 Altera
596 1575 705 1621 pars
732 1568 805 1607 est
837 1561 1180 1619 episodion,
1210 1560 1332 1620 quod
1361 1568 1434 1605 est
1461 1561 1722 1619 tragoediae
1747 1574 1858 1621 pars
1884 1562 2062 1621 integra
2084 1558 2206 1610 ‘inter

269 1626 364 1674 ‘duo
401 1630 578 1687 integra
614 1630 815 1675 carmina
863 1629 1060 1675 chor-ica.
1117 1629 1269 1687 Atque
1306 1628 1421 1674 haec
1464 1630 1664 1674 carmina
1706 1630 1916 1687 quidem,
1960 1644 2078 1688 quae
2122 1629 2207 1676 ὅλα

226 1696 233 1702 ’“
271 1695 432 1756 xoptate}
458 1699 771 1752 nominantur,
811 1694 919 1741 su'nt
946 1697 1147 1755 paredus
1174 1703 1222 1741 et
1248 1697 1463 1752 stasima,
1500 1697 1558 1741 iis
1587 1698 1780 1743 canticis
1809 1699 2050 1757 opposita,
2088 1715 2207 1757 quae

286 1772 366 1821 aut
393 1765 452 1810 ab
477 1764 776 1811 histrionibus
804 1771 884 1809 aut
908 1777 939 1809 a
963 1764 1102 1813 choro
1130 1772 1178 1809 et
1202 1765 1499 1810 histrionibus
1518 1765 1714 1810 invicem
1742 1773 1923 1811 cantata
1950 1780 2033 1824 per
2059 1781 2112 1812 se
2140 1769 2207 1812 in-

271 1839 444 1891 tegram
480 1841 654 1892 partem
690 1846 785 1877 non
824 1831 1041 1878 efficiunt.
1109 1831 1354 1878 Continent
1390 1833 1528 1891 igitur
1565 1832 1796 1890 episodia,
1832 1848 1949 1893 quae
1986 1834 2119 1893 plura
2155 1837 2204 1883 in

275 1913 454 1959 quaque
479 1901 634 1947 fabula
661 1907 780 1957 sunt,
802 1907 942 1944 totam
969 1901 1231 1959 tragoediae
1260 1902 1483 1946 actionem
1502 1899 1702 1959 prologo
1722 1909 1776 1946 et
1804 1904 1952 1947 exodo
1981 1907 2200 1962 exceptis,

272 1970 421 2027 capite
447 1970 551 2030 ejus
578 1977 624 2015 et
652 1970 757 2015 fine.
816 1969 889 2014 De
916 1970 1124 2024 nomine,
1144 1969 1358 2028 quoniam
1394 1983 1451 2014 ea
1477 1984 1584 2027 pars
1614 1972 1874 2027 tragoediae
1904 1971 2070 2016 dicitur
2107 1977 2201 2031 epi-

273 2038 463 2094 sodion,
502 2052 621 2097 quae
658 2051 716 2095 ex
755 2037 963 2082 omnibus
1000 2037 1137 2096 longe
1171 2038 1370 2094 maxima
1406 2045 1478 2083 est
1513 2044 1560 2082 et
1596 2039 1893 2095 gravissima,
1937 2040 1984 2084 id
2028 2047 2201 2087 tantum

271 2104 514 2151 tenendum
542 2114 639 2162 est,
681 2113 827 2150 ortum
864 2104 980 2149 illud
1016 2119 1122 2149 csse
1159 2119 1223 2150 ex
1244 2113 1407 2150 natura
1441 2112 1487 2149 et
1515 2105 1772 2150 conditione
1799 2109 2059 2164 tragoediae
2086 2113 2199 2153 anti-

268 2187 401 2232 quae.
460 2173 627 2226 Quum'
648 2173 768 2220 enim
803 2172 948 2232 primo
987 2173 1154 2219 chorus
1191 2180 1348 2233 ageret
1375 2173 1529 2230 solus,
1567 2181 1730 2231 postea
1757 2182 1950 2233 quoque,
1980 2175 2199 2224 histrione

272 2244 454 2296 addito,
489 2243 569 2300 qui
599 2243 767 2301 Jocosa
802 2248 849 2286 et
885 2243 985 2287 sine
1025 2248 1124 2287 arte
1161 2243 1413 2300 composita
1449 2243 1509 2286 ad
1545 2244 1722 2287 animos
1750 2251 2056 2300 spectatorum
2084 2247 2197 2290 hila-

270 2312 441 2357 randos
476 2311 734 2365 insereret,
761 2310 943 2356 chorica
980 2311 1182 2356 carmina
1217 2310 1360 2356 multo
1397 2311 1728 2367 praestantiora
1764 2312 2046 2367 videbantur,
2125 2316 2199 2360 Ac

269 2392 541 2440 quamquam
567 2376 801 2440 paullatim
834 2374 912 2425 fes
949 2378 1014 2424 ita
1040 2385 1215 2425 mutata
1241 2387 1338 2436 est,
1378 2385 1430 2423 ut
1457 2379 1657 2425 adhibita
1682 2379 1839 2426 fabula
1859 2380 1991 2439 justa
2018 2389 2064 2425 et
2093 2385 2212 2444 arti--

407 2564 448 2618 ¹)
477 2573 526 2611 ct.
559 2569 690 2611 Ἧιοιίι.
714 2573 822 2620 Qmag
852 2574 891 2609 ln
922 2573 1003 2611 vita
1035 2572 1248 2619 Euripidis.
1285 2556 1341 2605 τό
1382 2577 1434 2606 τε
1475 2558 1558 2619 γὰρ
1602 2561 1653 2606 ἐν
1687 2557 1801 2624 ἀρχῇ
1843 2563 1927 2607 του
1972 2548 2200 2623 δράματος

475 2627 560 2689 τὴν
596 2622 830 2677 υπόθεσιν
866 2629 1124 2678 διατυποῦν
1160 2631 1236 2675 καὶ
1273 2626 1358 2679 τὸν,
1385 2624 1609 2692 ἀκροατὴν
1636 2643 1791 2691 ωσπερ
1820 2638 2109 2691 χειραγωγεῖν
2138 2636 2201 2688 εἷς

374 2739 379 2746 ,
426 2704 429 2706 ’
475 2697 530 2742 τῦ
580 2698 843 2757 ἔμπροσθεν
897 2696 1149 2758 Εὐριπίδου
1203 2701 1416 2755 τέχνημα.
1474 2709 1644 2756 Quamqu
1646 2702 1705 2746 a'm
1735 2711 1774 2746 ιιι
1810 2712 2030 2758 quibusdam
2066 2714 2152 2751 tabu
2155 2717 2200 2751 lis

478 2765 618 2816 (lphig.
642 2765 725 2808 Aul.
750 2771 787 2806 et
808 2765 952 2816 Rhea.)
975 2770 1142 2807 veterum
1164 2766 1390 2816 tragicorum
1414 2765 1617 2816 exemplum
1642 2758 1804 2806 imitatus
1829 2774 1897 2807 est.

1640 2826 1699 2869 1.
