2436 3176
137 1038 403 1111 Graecos
431 1060 588 1117 poetas
609 1054 815 1115 tragicos
843 1053 922 1114 qui
950 1029 1129 1113 penitus
1157 1067 1430 1114 cognoscere
1458 1053 1705 1111 studuerit,
1746 1067 1849 1099 eum
1886 1068 1980 1099 non
2015 1053 2085 1100 fu-

168 1128 281 1185 giet,
311 1126 491 1186 quantis
520 1138 577 1171 ea
601 1137 678 1170 res
706 1122 1047 1186 difficultatibus
1074 1124 1304 1169 obstructa
1331 1125 1405 1168 sit.
1448 1123 1547 1169 Etsi
1573 1125 1691 1168 enim
1719 1137 1821 1168 cum
1848 1124 1942 1178 alii,
1973 1125 2086 1168 artis

172 1197 356 1241 enitioae
382 1203 434 1241 et
454 1181 772 1253 grammaticae
798 1193 947 1252 periti,
977 1199 1074 1237 tum
1100 1193 1408 1247 Hermannus,
1449 1205 1565 1253 quae
1602 1200 1674 1237 est
1709 1193 1810 1251 ejus
1838 1192 1926 1236 viri
1954 1205 2085 1249 saga·

172 1266 303 1320 dtas,
323 1264 388 1309 ita
416 1277 497 1308 eos
522 1268 848 1309 recensuerunt
873 1267 919 1307 et
946 1262 1263 1327 emendarunt,
1274 1268 1332 1305 ut
1352 1261 1400 1304 in
1427 1267 1553 1321 textu
1572 1261 1750 1319 quidem
1770 1260 2086 1305 constituendo

168 1332 395 1378 laudabile
422 1332 582 1378 saltem
603 1332 809 1377 studium
834 1331 1033 1389 positum
1058 1331 1120 1375 sit
1146 1336 1193 1376 et
1220 1344 1373 1389 opera,
1402 1319 1549 1374 tamen
1576 1328 1667 1375 alia
1693 1336 1937 1387 supersunt
1962 1330 2088 1375 haud

168 1415 329 1459 pauca,
350 1416 465 1461 quae
494 1409 574 1447 aut
599 1402 745 1447 obiter
771 1408 881 1447 sunt
905 1406 1097 1446 metata
1122 1406 1202 1445 aut
1229 1414 1416 1457 prorsus
1442 1398 1660 1458 neglecta.
1698 1398 1908 1456 Duplicis
1935 1407 2088 1465 autem

45 1474 50 1479 “
140 1506 143 1509 ᾗ
168 1485 226 1515 ea
262 1472 369 1515 sunt
402 1472 597 1529 generis.
651 1469 860 1516 Alterum
895 1476 969 1515 est
1004 1468 1297 1527 interpretum
1332 1468 1523 1513 alterum
1556 1475 1603 1513 et
1628 1467 1850 1512 editorum
1876 1475 1922 1513 et
1949 1469 2086 1513 inter-
2138 1516 2141 1519 ,

167 1545 356 1596 pretum.
441 1539 556 1585 Illuc
604 1539 827 1605 pertinent
867 1537 1158 1600 quaestiones
1209 1537 1268 1583 de
1311 1535 1590 1582 Graecorum
1631 1550 1771 1583 scena
1813 1537 2088 1596 scenicoque

136 1653 144 1656 f
166 1616 406 1665 apparatu,
437 1609 493 1653 de
522 1609 648 1653 chori
676 1608 879 1661 incessu,
908 1607 967 1653 de
994 1605 1307 1665 dispositione,
1336 1606 1394 1652 de
1420 1605 1675 1662 saltatione,
1706 1607 1764 1652 de
1793 1612 1928 1651 cantu
1956 1614 2002 1651 et
2028 1607 2088 1652 de

165 1676 313 1732 modis
354 1676 577 1730 musicis,
616 1666 934 1733 perdiffieiles
951 1674 1135 1739 quidem
1173 1687 1257 1720 eae
1292 1681 1474 1733 propter
1519 1675 1703 1720 testium
1738 1674 2000 1733 penuriam,
2038 1681 2088 1718 at

167 1743 332 1800 dignae
357 1758 474 1802 quae
499 1745 672 1804 maj0re
701 1758 804 1789 cum
831 1756 941 1789 cura
967 1750 1014 1789 et
1040 1743 1217 1799 studio,
1247 1756 1382 1801 quam
1406 1743 1641 1801 hucusque
1666 1742 1837 1789 factum
1864 1751 1957 1798 est,
1987 1757 2086 1801 per-

75 1828 80 1833 ’
163 1818 435 1879 tractentur3
471 1812 563 1858 hue
590 1819 795 1871 spectant
819 1811 1004 1868 melior,
1034 1825 1172 1871 quam
1199 1811 1247 1857 in
1274 1812 1446 1857 nostris
1473 1810 1603 1857 libris
1629 1818 1729 1866 est,
1756 1825 1974 1857 versuum
2002 1825 2084 1857 nu-

163 1891 477 1939 merorumque
518 1880 779 1926 constitutio
792 1911 810 1937 ,
855 1887 902 1925 et
941 1893 1028 1937 ea,
1073 1893 1209 1940 quam
1249 1880 1382 1927 nobis
1424 1880 1705 1925 tractandam
1746 1882 2082 1939 proposuimus,

164 1948 390 2005 quaestio
390 1941 454 1992 de
482 1948 676 2006 singulis
704 1950 1040 2008 tragoediarum
1064 1950 1291 1995 membris.
1362 1950 1437 1993 Ad
1452 1947 1585 1994 hane
1619 1958 1672 1994 ut
1709 1951 1870 1995 oeteris
1900 1952 2083 1994 omissis

162 2017 357 2063 animum
385 2017 688 2073 attendamus,
725 2025 880 2064 monet
904 2030 993 2064 nos
1018 2023 1137 2090 tota,
1167 2017 1359 2077 qualis‘
1344 2032 1394 2063 ιιι
1421 2018 1694 2063 editionibus
1721 2018 1963 2073 invenitur,
1994 2026 2081 2064 tra·

160 2080 423 2143 goediarum
450 2083 604 2129 forma
639 2092 687 2129 et
721 2087 914 2143 speeies.
970 2086 1068 2131 Aut
1089 2080 1224 2131 enim
1251 2088 1459 2145 singulae
1485 2086 1666 2133 fabulae
1693 2088 1751 2131 ab
1778 2087 1906 2130 initio
1935 2102 2082 2144 usque

160 2153 221 2197 ad
248 2151 383 2197 finem
411 2140 654 2197 decurrunt
679 2160 936 2230 perpetuae,
963 2160 1046 2200 aut
1072 2154 1122 2199 in
1148 2167 1327 2210 scenas,
1348 2169 1465 2213 quae
1494 2155 1718 2210 dicuntur,
1748 2163 1856 2200 sunt
1884 2156 2077 2210 divisae,

161 2220 324 2278 quibus
363 2233 584 2265 novarum
618 2222 930 2279 personarum
954 2222 1181 2269 adventus
1222 2223 1458 2268 indicetur.
1533 2222 1663 2274 Quae
1703 2222 1819 2267 ratio
1861 2233 2080 2281 quantum

159 2289 302 2343 absit,
330 2296 383 2333 ut
409 2286 686 2334 Graecorum
712 2293 948 2348 poetarum
974 2291 1092 2337 mori
1118 2291 1382 2349 oonyeffiat,
1420 2305 1479 2335 ex
1508 2291 1567 2337 iis
1592 2290 1759 2348 liquet,
1799 2293 2079 2349 quae-habet

158 2353 429 2403 Aristoteles
465 2357 513 2401 in
548 2356 664 2403 libro
679 2357 753 2403 ›de
786 2365 885 2405 arte
910 2359 1089 2418 poetiea
1116 2372 1187 2418 cp.
1216 2358 1317 2402 XII.
1376 2358 1422 2402 Is
1449 2359 1584 2413 enim,
1615 2361 1991 2417 quemadmodum
2020 2363 2080 2407 de

159 2432 419 2484 argumento
456 2426 788 2483 tragoediarum
822 2432 1121 2483 exposuerat,
1162 2427 1386 2484 quomodo
1429 2428 1533 2483 ipsa
1570 2426 1727 2472 fabula
1767 2433 2081 2485 componenda

159 2494 245 2548 sit,
274 2495 339 2540 ita
365 2494 421 2537 de
447 2491 616 2548 forma,
656 2507 770 2552 quas
798 2494 847 2538 in
872 2502 1025 2552 partes
1054 2493 1263 2552 singulae
1298 2495 1559 2558 tragoediae,
1595 2495 1929 2552 dispertiendae
1967 2499 2079 2555 sint,

121 2621 123 2623 r
156 2561 237 2617 illo
273 2560 375 2606 loco
413 2561 559 2618 legem
594 2561 823 2620 praecipit.
881 2562 1030 2614 Quam
1065 2561 1211 2620 legem
1248 2562 1291 2607 si
1325 2577 1421 2607 non
1456 2562 1606 2609 solum
1644 2564 1703 2609 ab
1739 2565 2079 2623 interpretibus,

156 2642 314 2676 verum
340 2630 474 2677 etiam
501 2629 559 2676 ab
585 2629 833 2676 editoribus
851 2630 1034 2677 retineri
1060 2630 1288 2686 volumus,
1307 2637 1360 2675 ut
1377 2632 1708 2690 tragoediarum
1733 2634 1853 2693 apud
1874 2633 2080 2693 Graecos

156 2700 564 2757 componendarum
590 2700 707 2744 ratio
734 2706 975 2758 appareat,
1002 2703 1184 2759 quoque
1210 2698 1388 2745 facilior
1414 2699 1475 2744 sit
1502 2700 1759 2748 fabularum
1777 2713 2076 2763 conspectu&

156 2766 266 2825 quid
307 2767 432 2813 aliud
468 2765 771 2828 postulamus,
808 2768 900 2813 nisi
937 2768 1061 2827 quod
1098 2768 1262 2828 cuique
1299 2770 1508 2829 scriptori
1536 2771 1860 2817 vindicandum
1895 2781 1991 2825 est,
2028 2780 2080 2817 ut
