2436 3176
1214 155 1250 216 ἱι

265 319 425 366 ficiose
454 332 660 368 connexa
686 319 956 365 histrionum
983 331 1062 365 ars
1088 327 1136 365 et
1161 304 1443 378 praestantia
1469 315 1728 417 augeretur,-
1747 315 1876 369 droti
1903 324 2197 426 minueremus,¹

264 402 432 461 nomen
459 388 612 433 tamen
640 388 808 433 actioni
835 387 1020 433 mansit.
1268 421 1273 426 .

400 499 556 544 Tertia
582 513 717 557 pars,
756 500 892 558 cujus
917 498 1192 544 Aristoteles
1219 500 1494 550 mentionem
1528 493 1656 553 facit,
1683 508 1756 546 est
1791 489 2039 557 exodus,
2077 486 2199 559 quae

261 540 429 614 dicitur
455 567 632 627 integra
659 567 920 627 tragoediae
946 580 1073 626 pars,
1093 572 1199 626 post
1215 579 1350 625 quam
1377 579 1473 613 non
1499 566 1730 632 invenitur
1757 567 1988 627 eboricum
2015 582 2196 619 carmen

262 636 566 693 (integrum).
625 636 786 681 Oritur
813 642 964 680 autem
991 636 1042 679 in
1068 635 1216 680 exodo
1245 622 1563 684 constituenda
1599 636 1759 680 eadem
1786 636 2033 684 difficultas
2059 642 2196 696 atque

260 703 309 747 in
326 702 530 762 prologo.
595 703 713 749 Nam
740 704 808 749 uti
826 703 948 749 hunc
965 717 1288 762 nonnunquam
1315 717 1419 748 cum
1445 703 1590 761 primo
1619 704 1828 763 episodio
1847 706 1918 752 sic
1935 695 2195 766 colligatum

259 772 538 830 reperimus»,
577 773 630 817 ιιι
666 772 782 819 nihil
816 773 908 819 nisi
935 772 1120 819 diversa
1148 773 1403 836 argumenti
1429 772 1546 818 ratio
1583 773 1702 819 inter
1728 780 1969 833 utrumque
1995 776 2192 831 intersit,

258 842 349 883 ita
361 841 560 885 exodum
597 838 780 898 quoque
816 841 1015 887 carmine
1050 853 1170 885 non
1181 840 1416 901 interjecto
1458 839 1617 885 ultimo
1660 841 1866 899 episodio
1906 843 2077 888 arctius
2117 844 2195 887 ad-

252 909 390 966 jungi
428 922 567 965 posse
580 939 596 962 ,
639 916 742 963 est,
780 910 902 966 quod
939 916 1062 954 reete
1099 907 1356 965 aug-ureris.
1414 906 1561 966 Cujus
1598 909 1668 954 rei
1704 908 1969 975 dijudicatio
2008 918 2056 955 et
2091 912 2194 968 ipsa

260 990 320 1020 ex
356 976 406 1020 vi
444 983 492 1021 et
526 982 692 1021 natura
728 968 866 1021 exodi
903 983 975 1022 est
1009 976 1217 1036 peteuda.
1277 974 1434 1027 Quum
1466 975 1589 1020 enim
1616 975 1835 1044 prologus
1868 977 2107 1023 exordium
2134 980 2195 1023 sit

258 1045 521 1115 tragoediae
534 1075 550 1098 ,
604 1057 688 1102 per
729 1045 914 1102 singula
959 1046 1167 1103 episodia
1214 1046 1334 1090 actio
1383 1044 1679 1095 distribuatur
1724 1051 1772 1088 et
1817 1045 1967 1091 nodus
2012 1045 2193 1103 fabulae

258 1120 489 1168 nectatur,
522 1112 624 1171 jam
659 1112 808 1158 exodo
828 1113 956 1158 inest
991 1113 1101 1158 nodi
1138 1112 1308 1159 solutio
1348 1111 1436 1172 (cf-
1465 1111 1609 1158 Arist.
1638 1113 1696 1159 de
1730 1118 1828 1157 arte
1856 1117 1976 1171 poet.
2006 1128 2076 1173 cp.
2109 1115 2192 1161 18:

259 1182 358 1226 ἔστι
399 1181 449 1224 δὲ
485 1176 638 1237 πάσης
673 1181 950 1240 τραγῳδίας,
985 1177 1063 1225 vd*
1078 1184 1165 1239 μὲν
1206 1181 1329 1231 δὲσις
1365 1179 1438 1235 τδ-
1458 1181 1508 1225 δὲ
1546 1177 1687 1230 λύσις.
1727 1187 1820 1229 etc.
1839 1181 1950 1235 λέγω
1986 1183 2037 1227 δὲ
2065 1183 2194 1228 dam

258 1253 344 1307 μὲν
388 1250 510 1294 εἶναι
553 1247 637 1306 τῆν
679 1243 761 1295 ‹iic'
806 1245 946 1309 ἀρχῆς
986 1252 1117 1310 μέχρι
1158 1246 1325 1295 τούτου
1363 1251 1447 1294 τοῦ
1482 1250 1646 1308 μέρους
1683 1245 1709 1305 ὃ
1749 1245 1952 1302 ἔσχατόιῖ
1981 1249 2109 1296 ἔστιν
2146 1252 2193 1305 ἐξ

258 1313 315 1364 οὗ
342 1319 605 1375 μεταβαίνει
634 1317 698 1368 εἰς
726 1317 976 1371 δυστυχίαν
1004 1314 1031 1375 ἢ
1062 1318 1127 1370 εἷς
1155 1313 1384 1371 εὐτυχίαν.
1424 1313 1558 1362 λύσιν
1595 1317 1647 1362 δὲ
1681 1316 1766 1380 τῆιι
1804 1312 1900 1362 ἀπὸ
1939 1319 2017 1375 τῆς
2054 1314 2192 1377 ἀρχῆς

255 1388 335 1443 τῆς
371 1382 659 1442 μεταβάσεως
694 1387 826 1445 μέχρι
862 1387 1064 1444 τέλους).
1122 1386 1275 1444 Atque
1311 1386 1527 1443 intererat
1560 1384 1786 1438 interdum
1811 1390 2047 1445 poctarum
2083 1400 2190 1432 con-

254 1461 402 1500 tortae
427 1467 581 1498 rerum
608 1452 905 1513 implicationi
931 1454 1082 1499 subito
1110 1453 1261 1500 facere
1289 1454 1534 1499 discrimen
1561 1452 1643 1512 (cf.
1663 1452 1806 1513 Soph.
1822 1453 1980 1512 Phil.)
2037 1453 2192 1513 Efficit
2217 1490 2221 1493 »

255 1538 369 1568 vero
406 1523 607 1576 exodus,
644 1531 696 1568 ut
733 1530 916 1569 nostras
940 1523 1202 1581 tragoedias
1240 1520 1344 1567 cnm
1373 1522 1562 1567 Graecis
1592 1536 1929 1582 comparemus,
1967 1509 2191 1578 ultimum,

255 1606 391 1650 quem
419 1591 591 1647 dicunt,
621 1599 787 1647 actum,
817 1605 959 1658 quum
985 1590 1204 1650 prologus
1233 1591 1452 1671 primum,
1486 1590 1524 1648 ι)
1553 1597 1600 1635 et
1626 1589 1832 1649 episodia
1859 1596 2034 1637 ceteros
2061 1599 2192 1638 actus

255 1660 553 1716 conforment,
583 1661 750 1719 quibus
777 1661 955 1718 integra
983 1660 1110 1705 chori
1136 1659 1337 1707 carmina
1363 1666 1472 1704 sunt
1498 1659 1778 1719 interposita.

390 1767 495 1813 Jam
521 1768 767 1813 transimus
794 1770 854 1815 ad
880 1769 1043 1814 melica
1068 1769 1329 1828 tragoediae
1356 1768 1554 1814 membra
1567 1797 1583 1821 ‚
1622 1780 1738 1825 quae
1764 1766 2035 1813 Aristoteles
2073 1783 2192 1815 com·

254 1838 381 1883 muni
408 1838 593 1883 nomine
619 1834 805 1896 χορικόν
832 1846 983 1884 vocat.
1848 1851 1859 1862 ‘

392 1950 445 1996 Id
481 1950 677 2007 primum
710 1949 762 1994 in
799 1948 940 1995 duas
954 1957 1109 2009 partes
1143 1948 1387 2004 dividitur,
1436 1961 1607 2006 easque
1653 1941 2094 2004 praestantissimas,
2142 1949 2190 1992 in

255 2018 477 2077 paredum
515 2024 561 2061 et
597 2018 843 2072 stasimon,
882 2032 939 2064 eo
977 2018 1265 2077 potissimum
1302 2034 1331 2063 a
1370 2020 1535 2064 ceteris
1568 2014 1760 2062 canticis
1788 2014 2026 2071 distincta,
2066 2017 2191 2074 quod
2237 2050 2240 2054 »

255 2095 365 2133 sunt
391 2086 526 2132 κοινὰ
553 2080 806 2140 &adnm
841 2088 872 2131 i.
901 2100 942 2133 e.
971 2088 1095 2145 quod
1131 2090 1189 2134 ab
1215 2088 1426 2134 omnibus
1454 2085 1685 2136 choreutis
1711 2091 1959 2139 canuntur,
1992 2097 2190 2144 sequen-

253 2157 378 2201 tibus
412 2155 568 2199 verbis
611 2154 861 2212 oppositis.
901 2155 1001 2199 ἴδια
1037 2156 1225 2208 τινῶν,
1244 2167 1365 2214 quae
1400 2161 1509 2200 sunt
1545 2153 1721 2199 cantica
1759 2150 2069 2242 singulorum,
2110 2158 2190 2212 aut

254 2225 550 2278 histrionum,
591 2231 674 2268 aut
701 2223 1015 2270 chorentarnm
1044 2224 1241 2271 invicem
1269 2239 1374 2285 cum
1400 2224 1634 2270 histrione.

391 2326 637 2378 Maximam
665 2316 978 2387 difficultatem
1005 2330 1163 2392 objicit
1189 2330 1403 2391 parodi
1429 2319 1710 2384 constitutio,
1733 2340 1872 2388 quam
1890 2327 2188 2387 philosophus

253 2400 450 2460 explieat
476 2396 662 2460 πρώτην
680 2400 802 2453 λέξιν
821 2397 928 2443 ὅλου
949 2402 1105 2460 χοροῦ.
1165 2400 1270 2451 Qua
1288 2401 1338 2445 in
1356 2400 1475 2444 reid
1492 2398 1944 2444 animadvertendum
1963 2396 2205 2451 ducimns‚s

253 2472 373 2524 λέξιν
401 2470 628 2516 strictiore
655 2481 797 2514 sensu
826 2469 994 2515 dictum
1022 2482 1129 2516 esse
1154 2483 1261 2528 pro:
1291 2470 1425 2539 μέλος
1443 2467 1520 2513 vel
1538 2463 1660 2528 ᾠδήν
1686 2465 1768 2526 (cf.
1789 2465 1930 2512 schol.
1950 2465 2010 2511 ad
2028 2464 2184 2523 Eurip.

396 2679 435 2737 ι)
460 2676 522 2715 Nil
547 2683 668 2715 tamen
690 2688 883 2728 repugno,
915 2678 947 2716 si
973 2678 1057 2726 quis
1079 2677 1177 2715 hanc
1199 2676 1516 2733 comparationem
1537 2675 1577 2713 lu
1600 2671 1794 2725 EurIpldis
1815 2671 2030 2723 tragoedias
2053 2670 2189 2709 cadere

462 2748 544 2772 eam
567 2735 618 2773 ob
642 2748 792 2775 eausam
815 2743 944 2784 neget,
977 2736 1078 2783 quod
1101 2736 1280 2785 prologus
1303 2735 1404 2782 apud
1426 2746 1509 2771 eum
1531 2746 1609 2771 nou
1630 2733 1685 2771 ad
1704 2734 1824 2782 {psam
1846 2731 1997 2770 fabulae
2020 2736 2186 2772 mlum

461 2794 661 2842 pertinere,
683 2793 753 2832 sed
773 2795 958 2843 prooemii
982 2795 1101 2832 Instar
1124 2788 1263 2832 actioni
1288 2792 1472 2842 praemitti
1496 2791 1628 2829 soleat.
