2436 3176
1185 173 1250 227 11

251 336 481 397 potuisse,
521 331 605 380 sed
640 346 671 379 a
705 330 908 389 vulgatis
943 336 991 377 et
1024 330 1294 378 manifestis.
1359 330 1540 385 Quare,
1577 330 1684 377 licet
1716 330 1856 376 verba
1893 330 1973 376 illa
2009 344 2089 389 per
2122 345 2175 378 se

250 403 367 457 nihil
393 402 651 462 significent
675 399 768 446 nisi
796 397 985 449 stasima
1011 400 1301 459 anapaestico
1326 400 1401 446 vel
1430 400 1657 448 trochaica
1684 406 1931 459 systemata
1953 400 1994 459 ι)
2022 412 2175 458 asper·

250 474 376 530 nari,
413 481 591 525 tamen,
629 469 751 529 quod
779 476 937 517 contra
962 482 1285 527 nonnunquam
1312 469 1480 514 factum
1506 469 1740 523 videmus,
1782 470 1830 512 in
1867 481 1923 512 eo
1957 482 2051 513 non
2076 477 2175 513 erat

216 530 653 602 ·aei1uiescendum‚
686 537 778 584 ‚sed
820 536 957 583 altius
998 551 1074 584 res
1115 539 1372 596 repetenda.
1431 538 1555 589 Quid
1596 546 1748 584 autem
1789 536 1984 585 inveniri
2025 543 2175 595 potest

249 618 332 657 aut
371 607 625 666 simplicius
666 613 747 652 aut
785 605 968 664 aptius,
1008 611 1144 666 quam
1179 613 1232 653 ut
1269 607 1326 652 de
1361 615 1604 652 metrorum
1641 607 1689 651 vi
1728 614 1791 662 et„
1809 613 1997 661 natura,
2037 617 2175 664 quam
2250 611 2262 621 ⁸

248 673 366 735 ἦθος
404 674 570 723 Graeci
605 680 799 729 vocant,
835 674 1109 733 cogitemus,
1147 676 1281 735 cujus
1318 677 1535 736 majorem
1573 675 1690 720 alius
1728 688 1945 719 numerus
1974 689 2068 719 non
2095 688 2172 719 ac·

209 753 215 760 ·
248 745 368 804 cepit
402 742 704 790 constantiam
738 749 788 788 et
822 742 1100 801 nobilitatem
1127 752 1372 804 anapaesto
1406 753 1453 791 et
1478 743 1723 790 trochaeo?
1784 736 1899 795 Quis
1928 743 2049 788 enim
2075 756 2172 787 non

246 811 527 874 meminerit,
574 800 805 858 Laconu'm
851 819 899 859 et
927 800 1271 863 Messeniorum
1317 814 1563 858 embateria
1618 812 1908 870 anapaestico
1955 810 2169 868 rhythmo

234 869 392 926 tuisse
428 880 709 938 conscripta,
748 886 884 939 atque
920 880 1113 938 eundem
1148 894 1383 928 numerum
1419 882 1468 926 in
1503 881 1620 938 ipsis
1647 880 1894 938 tragoediis
1930 879 2069 924 choro
2097 879 2167 923 in·

244 948 432 994 cedente
466 948 747 1006 adhibitum?
822 948 938 1000 Quis
984 935 1156 995 dubitet
1200 949 1475 1008 trochaicum
1510 949 1767 1013 rhythmum
1804 948 1864 993 ad
1907 948 2166 992 saltandum

242 1028 355 1062 esse
376 1017 685 1075 aptissimum,
724 1030 864 1074 quum
891 1015 1115 1075 hodieque
1141 1030 1250 1075 prae
1288 1019 1451 1062 ceteris
1480 1018 1587 1062 huic
1612 1017 1719 1060 usui
1747 1016 1992 1070 inserviat,
2032 1023 2078 1059 et
2105 1017 2165 1059 ab

178 1075 181 1079 ⁴
243 1083 492 1140 Aristotele
533 1084 636 1143 ipso
676 1084 727 1132 in
768 1086 929 1131 eodem
967 1084 1085 1130 libro
1126 1098 1200 1143 cp.
1240 1084 1390 1131 XXV.
1435 1086 1610 1131 dicatur
1648 1079 1920 1143 ὀρχηστικάς.
1991 1082 2161 1138 Quare,

242 1151 338 1200 nisi
378 1153 531 1199 omnia
572 1166 660 1198 nos
700 1152 894 1210 fanum,
941 1153 990 1198 id
1036 1153 1195 1200 subest
1239 1153 1499 1200 Aristotelis
1545 1153 1698 1198 verbis
1726 1168 1740 1197 z
1789 1153 2010 1197 stasimon
2057 1166 2165 1198 esse

243 1233 427 1272 tarmen
462 1222 562 1267 sine
597 1220 783 1268 incessu
820 1229 867 1267 et
903 1219 1157 1277 saltatione.
1222 1220 1600 1281 Conspirantibus
1637 1222 1777 1280 igitur
1809 1228 2012 1266 veterum
2050 1222 2162 1267 scri·

243 1298 425 1348 ptorum
459 1288 729 1336 testimoniis
766 1291 924 1336 eodem
961 1297 1123 1348 sponte
1169 1291 1375 1337 ducimur
1411 1292 1697 1336 stasimorum
1739 1297 2050 1348 argumentum
2090 1304 2161 1341 re·
2226 1350 2237 1358 ι

243 1358 512 1417 spicientes,
538 1359 646 1419 „cui‘
664 1359 725 1404 ad
758 1358 1032 1417 hymnorum
1066 1358 1320 1418 exemplum
1348 1366 1521 1404 tantum
1558 1360 1676 1404 inest
1699 1358 1938 1416 gravitatis
1966 1367 2012 1402 et
2039 1365 2160 1403 tran-

242 1427 502 1487 quillitatis,
541 1433 594 1472 ut
628 1440 723 1473 non
754 1427 846 1472 nisi
882 1433 955 1472 sta
1025 1426 1069 1472 ‘o
1097 1426 1237 1473 choro
1272 1428 1525 1472 conveniat.
1581 1427 1672 1487 At,
1711 1440 1833 1470 unus
1869 1426 2041 1471 alterve
2079 1427 2158 1470 ad-

243 1496 548 1542 versariorum
588 1494 679 1552 (cf.
729 1494 917 1540 Kolster
977 1524 990 1538 .
1027 1507 1070 1539 c.
1112 1507 1190 1553 υς.
1225 1496 1329 1554 11.)
1372 1496 1584 1554 objiciat,
1628 1496 1677 1540 in
1714 1495 1924 1553 strophas
1962 1502 2009 1539 et
2044 1496 2160 1539 anti·

238 1562 452 1624 strophas
488 1563 681 1608 stasima
716 1557 839 1609 sunt'
860 1558 1110 1622 disposita,
1145 1576 1264 1622 quas
1299 1578 1329 1611 a
1366 1564 1504 1610 choro
1534 1563 1819 1609 dextrorsum
1854 1571 1901 1607 et
1927 1563 2157 1608 sinistror-

239 1646 340 1680 sum
376 1632 562 1679 saltanti
598 1632 861 1679 decantatas
896 1643 1002 1697 esse
1029 1637 1221 1677 testatur
1247 1632 1391 1692 schol.
1419 1633 1480 1678 ad
1508 1632 1619 1678 Eur.
1647 1631 1817 1677 Hecub.
1846 1631 1961 1678 647:
2001 1631 2158 1675 ἰστέον

237 1704 324 1757 μὲν
361 1716 432 1746 οτι
466 1697 551 1757 τῆν
586 1702 671 1756 μὲν
707 1697 909 1758 στροφῆν
936 1714 1194 1757 κινουμενοι
1220 1698 1336 1759 πρός
1361 1696 1421 1745 τὰ
1450 1698 1575 1753 δεξιὰ
1603 1698 1654 1745 οἵ
1677 1703 1888 1759 χορευταὶ
1914 1694 2044 1762 ᾖδον,
2067 1696 2158 1755 τῆν

239 1768 291 1814 δὲ
329 1763 634 1827 ἀντίστροφον
670 1763 783 1826 πρὸς
818 1764 878 1810 τοὶ
915 1761 1157 1826 ἀριστερὰ,
1191 1765 1277 1825 τὴν
1314 1768 1364 1814 δὲ
1401 1766 1582 1828 &medan
1609 1765 1847 1825 ἱστάμενοι
1884 1748 2013 1831 ᾖδον.
2062 1766 2155 1824 (cf.

239 1835 382 1882 schol.
420 1836 481 1881 ad
507 1834 751 1895 Hephaest.
788 1848 864 1894 pg.
893 1836 1013 1893 94η).
1071 1834 1203 1886 Quae
1237 1835 1281 1882 si
1316 1849 1429 1881 vera
1464 1843 1645 1890 essent,
1683 1837 1817 1895 quid,
1857 1850 2056 1894 quaeso,
2096 1836 2156 1879 de

238 1904 468 1963 prosodiis
503 1902 818 1958 statuendum,
855 1916 974 1964 quae
1009 1909 1057 1950 et
1091 1902 1196 1962 ipsa
1230 1899 1553 1962 antistrophice
1589 1905 1840 1962 composita
1881 1919 1911 1950 a
1947 1904 2154 1962 proficis·-

238 1967 442 2019 oentibus
482 1973 533 2016 in
574 1971 740 2029 templa
784 1971 985 2017 Deorum
1036 1971 1344 2019 canebantur?
1429 1974 1670 2030 Nunquam
1717 1973 1919 2030 profecto
1967 1973 2153 2027 chorus,

213 2065 216 2068 ,
236 2054 377 2105 quum
404 2039 448 2085 ei
475 2039 801 2098 antistropham
826 2039 1005 2087 canenti
1041 2052 1098 2088 eo
1123 2047 1247 2089 esset
1274 2040 1577 2098 redeundum,
1616 2041 1736 2086 unde
1773 2042 2006 2100 strophae
2023 2041 2153 2086 initio

190 2773 220 2796 h

237 2117 336 2160 exat
362 2106 617 2169 profectus}
652 2109 711 2154 ad
738 2107 905 2171 templa
930 2108 1224 2167 pervenisset.
1281 2110 1376 2154 Aut
1403 2109 1512 2167 quid
1540 2109 1598 2152 de
1623 2109 1834 2167 parodis,
1875 2124 1992 2169 quae
2030 2118 2154 2155 totae

236 2185 346 2227 sunt
381 2170 742 2235 antistrophicae
766 2175 855 2234 (cf.
891 2175 1004 2222 Eur.
1038 2176 1173 2223 Herc.
1214 2176 1305 2222 fur.
1346 2191 1389 2222 a.
1433 2190 1482 2221 v.
1525 2178 1640 2231 107,
1681 2183 1729 2220 et
1755 2177 1911 2238 Iphig.
1957 2179 2064 2223 Aul.
2108 2193 2153 2224 a.

235 2261 282 2293 v.
324 2244 489 2305 164.)“2
544 2243 644 2291 An-
655 2258 766 2292 vero
803 2243 970 2292 chorus
1005 2234 1228 2303 pal-'odunt
1264 2245 1311 2289 in
1348 2243 1523 2292 foribus
1559 2234 1819 2290 orchestrae
1857 2246 2066 2303 saltavit,
2107 2255 2154 2292 et

234 2328 319 2373 pu
354 2321 496 2361 totam
530 2313 806 2371 tragoediam
841 2313 894 2361 in
928 2312 1053 2359 aditu
1089 2313 1288 2360 constitit
1301 2312 1324 2357 ‘3
1395 2313 1628 2369 Alterum,
1672 2314 1795 2371 quod
1837 2316 2011 2373 majore
2043 2316 2153 2373 jure

234 2382 371 2440 nohis
405 2381 574 2441 opponi
612 2380 784 2440 possit,
830 2386 1011 2427 cantum
1052 2381 1186 2439 apud
1217 2379 1418 2429 Graecos
1461 2394 1565 2425 cum
1606 2380 1845 2426 saltatione
1885 2389 1981 2427 tam
2023 2390 2152 2428 arcto

234 2450 421 2500 nacula
459 2450 749 2509 conjunctum
780 2447 952 2504 fuisse,
980 2455 1034 2493 ut
1068 2449 1147 2500 ille
1181 2449 1283 2493 sine
1317 2448 1405 2494 hac
1440 2462 1499 2494 ne
1538 2450 1727 2507 cogitari
1765 2450 1948 2507 quidem
1984 2453 2151 2509 possit,

233 2513 426 2567 libbam
462 2518 779 2572 concedimus,
819 2517 1032 2576 quoniam
1068 2517 1190 2576 apud
1228 2515 1429 2568 Graecos
1467 2531 1545 2563 ars
1589 2517 1825 2563 saltatoria
1864 2531 1958 2564 non
2000 2518 2153 2564 solum

234 2587 390 2638 vatius
425 2589 567 2637 totius
604 2586 808 2645 corporis
846 2585 1119 2649 positiones,
1148 2585 1241 2648 sed
1276 2586 1413 2632 etiam
1449 2585 1817 2644 gesticulationes
1854 2594 1901 2632 et
1936 2600 2153 2633 manuum

231 2663 384 2716 natus
411 2658 778 2716 (χειρονομίαν)
817 2653 1179 2714 amplectebatur.
1236 2654 1359 2707 Quin
1394 2656 1554 2711 etiam,
1591 2669 1649 2702 ne
1677 2670 1844 2714 prave,
1893 2670 2012 2715 quae
2050 2670 2151 2702 sen-

371 2792 417 2863 ι)
435 2802 479 2846 ld
501 2803 598 2847 euim
618 2813 772 2845 munem
795 2802 973 2853 singulari
988 2787 1280 2840 ἄναποιίστου
1308 2795 1384 2837 καὶ
1410 2795 1626 2907 ο’τροχοιόἒὲ
1638 2764 1800 2885 *videtur
1827 2805 1960 2841 inesse.
